=LDR  00930nam a2200205 a 4500
=001  20446
=008  870115s1986\\\\fr\\\\\\\\\\\\\\\\\\dut\\
=020  \\$a2801106879
=041  \\$adut
=100  \\$4edt$aPiemme, Jean-Marie$1http://www.wikidata.org/entity/Q3167768$922546
=245  00$aOpera tot theater maken:$bhet team van Gerard Mortier in de Munt
=260  \\$aParis$bDuculot$c1986
=300  \\$a245 pages$bill.
=610  \0$aDe Munt / La Monnaie (Brussels, Belgium)$1http://www.wikidata.org/entity/Q551479$921000
=650  \0$aOpera$1http://www.wikidata.org/entity/Q1344$92468
=650  \0$aMusic history$1http://www.wikidata.org/entity/Q846047$921373
=651  \0$aBrussels (Belgium)$1http://www.wikidata.org/entity/Q239$937
=942  \\$cBOO
=952  \\$00$10$2ddc$40$6TOP_BE_BRU1_7_000000000000000$70$8BIO$920764$aORPH$bORPH$cKM12_1$d2021-04-19$eVaes$oTOP BE.BRU1 7$p20131523$r2021-10-18 00:00:00$v30.00$w2021-10-18$yBOO
=999  \\$d20446

