=LDR  00678nam a22001817a 4500
=001  20459
=005  20250916093440.0
=008  211020s2006\\\\||||||||\||||\00|\0\eng\d
=022  \\$a18902154
=041  \\$aeng
=100  \\$4aut$aNyrnes, Aslaug$d-1953$922572
=245  \\$aLighting from the Side:$bRhetoric and Artistic Research
=300  \\$a27 pages
=490  \\$aSensuous Knowledge Series$v3
=650  \0$aArtistic research$1http://www.wikidata.org/entity/Q20827087$921804
=942  \\$cBOO
=952  \\$00$10$2ddc$40$6MTP_3_000000000000000_NYRN$70$8MTP$920784$aORPH$bORPH$cKM12_1$d2021-10-20$l1$oMTP3 NYRN$p20115162$q2026-03-14$r2025-09-16 09:34:45$s2025-09-16$w2021-10-20$yBOO
=999  \\$d20459

