=LDR  00942nam a22002057a 4500
=001  20460
=005  20251003085500.0
=008  211020s1988\\\\||||||||\||||\00|\0bdut\d
=041  \\$adut$aeng
=100  \\$4aut$4trl$aRossum, Frank van$921789
=245  \\$aEnige bekende feiten over John Cage:$balsmede een lijst van zijn composities, geschriften en beeldende kunst en een aantal eigen werktoelichtingen
=260  \\$aDen Haag$bKoninklijk Conservatorium$c1988
=300  \\$a121 pages
=600  \0$aCage, John$d1912-1992$1http://www.wikidata.org/entity/Q180727$916600
=650  \0$aComposer$1http://www.wikidata.org/entity/Q36834$93625
=650  \0$aBiography$1http://www.wikidata.org/entity/Q36279$91927
=650  \0$aCatalogue$1http://www.wikidata.org/entity/Q2352616$921484
=942  \\$cBOO
=952  \\$00$10$2ddc$40$6BIO_CAGE_B$70$8BIO$920785$aORPH$bORPH$cKTS1_P$d2021-10-20$l0$oBIO CAGE b$p20131537$r2021-10-20 00:00:00$w2021-10-20$yBOO
=999  \\$d20460

