=LDR  00644nam a22001817a 4500
=001  20461
=008  211020s2008\\\\||||||||\||||\00|\0\eng\d
=022  \\$a18902154
=041  \\$aeng
=100  \\$4aut$aJung, Klaus$922573
=245  \\$aEnabling Knowledge
=260  \\$aBergen$bBergen National Academy of the Arts$c2008
=300  \\$a41 pages
=490  \\$aSensuous Knowledge Series$v4
=650  \0$aArtistic research$1http://www.wikidata.org/entity/Q20827087$921804
=942  \\$cBOO
=952  \\$00$10$2ddc$40$6MTP_3_000000000000000_JUNG$70$8MTP$920786$aORPH$bORPH$cKM12_1$d2021-10-20$l0$oMTP3 JUNG$p20131538$r2021-10-20 00:00:00$w2021-10-20$yBOO
=999  \\$d20461

