=LDR  00676nam a22001817a 4500
=001  20463
=008  211020s2009\\\\||||||||\||||\00|\0\eng\d
=022  \\$a18902154
=041  \\$aeng
=100  \\$4aut$aBorgdorff, Henk$916633
=245  \\$aArtistic Research within the Fields of Science
=260  \\$aBergen$bBergen National Academy of the Arts$c2009
=300  \\$a27 pages
=490  \\$aSensuous Knowledge Series$v6
=650  \0$aArtistic research$1http://www.wikidata.org/entity/Q20827087$921804
=942  \\$cBOO
=952  \\$00$10$2ddc$40$6MTP_3_000000000000000_BORG$70$8MTP$920788$aORPH$bORPH$cKM12_1$d2021-10-20$l0$oMTP3 BORG$p20131540$r2021-10-20 00:00:00$w2021-10-20$yBOO
=999  \\$d20463

