=LDR  01237cam a2200289 a 4500
=001  20466
=008  951127s1995\\\\gw\acg\\\bc\\\000\0deng\\
=020  \\$a3980315126
=041  1\$aeng$ager
=100  \\$aLucier, Alvin$4cmp$1http://www.wikidata.org/entity/Q449171$918810
=245  10$aReflections:$bInterviews, Scores, Writings
=250  \\$a1st ed.
=260  \\$aCologne$bMusikTexte$c1995
=300  \\$a544 pages$bill., music examples
=490  \\$aEdition MusikTexte$v3
=500  \\$a"Prose scores": p. 299-537.
=500  \\$a"List of works": p. 538-542.
=504  \\$aIncludes bibliographical references (p. 543).
=546  \\$aText in English with German translation on facing pages.
=650  \0$aComposer$1http://www.wikidata.org/entity/Q36834$93625
=650  \0$aElectronic music$1http://www.wikidata.org/entity/Q9778$922014
=650  \0$aMusic criticism$1http://www.wikidata.org/entity/Q11748889$921598
=700  \\$aGronemeyer, Gisela$d-1954$4edt$1http://www.wikidata.org/entity/Q95210383$922577
=700  \\$aOehlschlägel, Reinhard$4edt$921397
=942  \\$cBOO
=952  \\$00$10$2ddc$40$6TRE_LUCI$70$8TRE$920797$aORPH$bORPH$cKTS1_P$d2021-10-20$oTRE LUCI$p20131543$r2021-10-20 00:00:00$v186.48$w2021-10-20$yBOO
=999  \\$d20466

