=LDR  00961nam a22002297a 4500
=001  20473
=005  20250925143307.0
=008  211021s2011\\\\nl\fo|||\||||\00|\0\dut\d
=020  \\$a9788489335007
=041  \\$adut$aeng
=100  \\$4dsr$aSwaaij, Louise van$923074
=245  \\$aWitteveen-Bos-prijs voor Kunsten+Techniek 2011:$bDick Raaijmakers
=260  \\$aDeventer$bWitteveen+Bos$c2011
=300  \\$a52 pages
=600  \0$aRaaijmakers, Dick$d1930-2013$1http://www.wikidata.org/entity/Q359329$915928
=648  \0$a20th Century (1901-2000)$1http://www.wikidata.org/entity/Q6927$920936
=650  \0$aComposer$1http://www.wikidata.org/entity/Q36834$93625
=650  \0$aTechnology$1http://www.wikidata.org/entity/Q11016$921633
=651  \0$aNetherlands$1http://www.wikidata.org/entity/Q55$9173
=942  \\$cBOO
=952  \\$00$10$2ddc$40$6BIO_RAAI_B$70$8BIO$920803$aORPH$bORPH$cKTS1_P$d2021-10-21$oBIO RAAI b$p20131551$r2021-10-21 00:00:00$w2021-10-21$yBOO
=999  \\$d20473

