=LDR  01023nam a22002297a 4500
=001  20478
=008  211025r16091989it\h||||\||||\00|\0\ita\d
=041  \\$aita
=100  \\$4aut$aCerone, Pietro$d1566-1625$1http://www.wikidata.org/entity/Q1345131$97374
=245  \\$aLe regole più necessarie per l'introduttione del canto fermo
=260  \\$aBologna$bLibreria Musicale Italiana$c1989
=300  \\$axxii-40 pages
=561  \\$aEx Libris Ton Koopman
=648  \0$a17th Century (1601-1700)$1http://www.wikidata.org/entity/Q7016$920923
=650  \0$aMethod$1http://www.wikidata.org/entity/Q2250960$921402
=650  \0$aPlainchant$1http://www.wikidata.org/entity/Q2707688$921363
=650  \0$aSinging$1http://www.wikidata.org/entity/Q27939$92767
=651  \0$aItaly$1http://www.wikidata.org/entity/Q38$922
=700  \\$4edt$aBaroffio, Bonifacio$99396
=942  \\$cBOO
=952  \\$00$10$2ddc$40$6INS_2C$70$8INS$920825$aORPH$bORPH$cKTS0$d2020-07-08$eKoopman$i13A39$l0$oINS2c$p20121959$r2021-10-25 00:00:00$w2021-10-25$yBOO
=999  \\$d20478

