=LDR  01216nam a22002537a 4500
=001  20516
=008  211105r17282010nl\h||||\||||\00|\0\dut\d
=041  \\$adut
=100  \\$4aut$aHotteterre, Jacques-Martin$d1673-1763$1http://www.wikidata.org/entity/Q726500$96867
=245  \\$aGrond-beginselen Over de Behandeling van de Dwars-Fluit
=260  \\$aAmsterdam$bBroekmans & Van Poppel$c[2010]
=300  \\$a47 pages
=490  \\$aFlute Series Flöten-Reihe
=534  \\$cAmsterdam, Le Cene, 1728
=590  \\$aFacsimile van de Amsterdamse uitgave van 1728 met een inleiding van Rien de Reede en een bijdrage van Johan Giskes
=648  \0$a18th Century (1701-1800)$1http://www.wikidata.org/entity/Q7015$920899
=650  \0$aMethod$1http://www.wikidata.org/entity/Q2250960$921402
=650  \0$aFlute$1http://www.wikidata.org/entity/Q11405$921276
=700  \\$aReede, Rien de$1http://www.wikidata.org/entity/Q3037971$4win$915261
=700  \\$aGiskes, Johan$4ctb$927648
=700  \\$aMoubach, Abraham$4trl$927649
=942  \\$cBOO
=952  \\$00$10$2ddc$40$6INS_6_000000000000000_2C_HOTT$70$8INS$920907$aORPH$bORPH$cKTS0$d2020-07-08$eKoopman$i13K10$l0$oINS6.2c HOTT$p20127117$r2021-11-05 00:00:00$w2021-11-05$yBOO
=999  \\$d20516

