=LDR  00916nam a22002057a 4500
=001  20517
=008  211105r18001991nl\h||||\||||\00|\0\ger\d
=041  \\$ager$aeng
=100  \\$aTromlitz, Johann George$d1725-1805$1http://www.wikidata.org/entity/Q95697$910446
=245  \\$aÜber die Flöte mit mehrern Klappen
=260  \\$aBuren$bFrits Knuf$cBuren
=300  \\$a145 pages
=490  \\$aFlute Library$vVolume 2
=648  \0$a19th Century (1801-1900)$1http://www.wikidata.org/entity/Q6955$920935
=650  \0$aMethod$1http://www.wikidata.org/entity/Q2250960$921402
=650  \0$aFlute$1http://www.wikidata.org/entity/Q11405$921276
=700  \\$4ctb$aVentzke, Karl$1http://www.wikidata.org/entity/Q18334646$922726
=942  \\$cBOO
=952  \\$00$10$2ddc$40$6INS_6_000000000000000_2C_TROM$70$8INS$920908$aORPH$bORPH$cKTS0$d2020-07-08$eKoopman$i14C30$l0$oINS6.2c TROM$p20126190$r2021-11-05 00:00:00$w2021-11-05$yBOO
=999  \\$d20517

