=LDR  00951nam a22002057a 4500
=001  20544
=005  20250918090457.0
=008  211115s17721983sz\h||||\||||\00|\0\ger\d
=041  \\$afre
=100  \\$4aut$aCorrette, Michel$d1707-1795$1http://www.wikidata.org/entity/Q982378$97384
=245  \\$aNouvelle méthode pour apprendre a jouer en très peu de temps de la mandoline
=260  \\$aGeneva$bMinkoff reprint$c1983
=300  \\$a48 pages
=648  \0$a18th Century (1701-1800)$1http://www.wikidata.org/entity/Q7015$920899
=650  \0$aMethod$1http://www.wikidata.org/entity/Q2250960$921402
=650  \0$aMandolin$1http://www.wikidata.org/entity/Q302497$922844
=700  \\$4win$aLesure, François$1http://www.wikidata.org/entity/Q2426092$917727
=942  \\$cBOO
=952  \\$00$10$2ddc$40$6INS_5_000000000000000_2C_CORR$70$8INS$920969$aORPH$bORPH$cKTS0$d2020-07-08$eKoopman$i14C60$l0$oINS5.2c CORR$p20126152$r2021-11-15 00:00:00$w2021-11-15$yBOO
=999  \\$d20544

