=LDR  00964nam a22001937a 4500
=001  20578
=008  211209r17271965gw\h||||\||||\00|\0\ger\d
=041  \\$ager
=100  \\$4aut$aBaron, Ernst Gottlieb$d1696-1760$1http://www.wikidata.org/entity/Q455560$98979
=245  \\$aUntersuchung des Instruments der Lauten.$bMit Fleiss ausgesesst und allen rechtschaffenen Liebhabern zum Vergnügen heraus gegeben
=260  \\$aAmsterdam$bAntiqua$c1965
=300  \\$a220 pages
=648  \0$a18th Century (1701-1800)$1http://www.wikidata.org/entity/Q7015$920899
=650  \0$aLute$1http://www.wikidata.org/entity/Q180733$93944
=650  \0$aMethod$1http://www.wikidata.org/entity/Q2250960$921402
=651  \0$aNuremberg (Germany)$1http://www.wikidata.org/entity/Q2090$921596
=942  \\$cBOO
=952  \\$00$10$2ddc$40$6INS_5_000000000000000_1C_BARO$70$8INS$921063$aORPH$bORPH$cKTS0$d2020-07-08$eKoopman$i13B01$l0$oINS5.1c BARO$p20124511$r2021-12-09 00:00:00$w2021-12-09$yBOO
=999  \\$d20578

