=LDR  01551cam a2200217 i 4500
=001  20648
=005  20251001162314.0
=008  180507s2018\\\\inug\\\\\\\\\\000\0\eng\c
=020  \\$z9780253037985
=041  \\$aeng
=100  \\$aHatten, Robert S.$4aut$1http://www.wikidata.org/entity/Q112493763$923549
=245  12$aA Theory of Virtual Agency for Western Art Music
=260  \\$aBloomington$bIndiana University$c2018
=300  \\$ax-326 pages$bmusic examples
=490  \\$aMusical meaning and interpretation
=504  \\$aIncludes bibliographical references (pages 293-312) and indexes.
=505  0\$aIntroduction -- Prelude: from gesture to virtual agency -- Foundations for a theory of agency -- Virtual environmental forces and gestural energies: actants as agential -- Virtual embodiment: from actants to virtual human agents -- Virtual identity and actorial continuity -- Interlude I: from embodiment to subjectivity -- Staging virtual subjectivity -- Virtual subjectivity and aesthetically warranted emotions -- Staging virtual narrative agency -- Performing agency -- An integrative agential interpretation of Chopin's Ballade in F minor, op. 52 -- Interlude II: hearing agency: a complex cognitive task -- Other perspectives on virtual agency -- Postlude.
=650  \0$aMusic philosophy and aesthetics$1http://www.wikidata.org/entity/Q2092865$921165
=942  \\$cBOO
=952  \\$00$10$2ddc$40$6AES_HATT$70$8AES$921227$aORPH$bORPH$cKM12_1$d2022-01-13$l1$m2$oAES HATT$p20138277$q2022-07-22$r2022-01-25 00:00:00$s2022-01-25$w2022-01-24$yBOO
=999  \\$d20648

