=LDR  01596cam a2200253 i 4500
=001  20649
=005  20251001162314.0
=008  160504t20162016inug\\\\\b\\\\001\0\eng\c
=020  \\$a9780253021991
=041  \\$aeng
=100  \\$aStefaniak, Alexander$d-1983$4aut$923550
=245  10$aSchumann's Virtuosity:$bCriticism, Composition, and Performance in Nineteenth-Century Germany
=260  \\$aBloomington$bIndiana University$c2016
=300  \\$ax-296 pages$bmusic examples
=504  \\$aIncludes bibliographical references (pages 275-286) and index.
=505  0\$aFlorestan among the revelers : postclassical virtuosity and Schumann's critique of pleasure -- Florestan's wine, Clara Wieck's spirit : postclassical virtuosity and poetic interiority -- Poetic showpieces in the cultivated salon -- Virtuosity and the rhetoric of the sublime -- Steps to Parnassus? : Schumann's equivocal work concept -- Festivals of the virtuoso priesthood : collaborating with Clara Schumann and Joseph Joachim.
=600  \0$aSchumann, Robert$d1810-1856$1http://www.wikidata.org/entity/Q7351$913977
=650  \0$aMusic history$1http://www.wikidata.org/entity/Q846047$921373
=650  \0$aMusic criticism$1http://www.wikidata.org/entity/Q11748889$921598
=650  \0$aMusic philosophy and aesthetics$1http://www.wikidata.org/entity/Q2092865$921165
=651  \0$aGermany$1http://www.wikidata.org/entity/Q183$9155
=942  \\$cBOO
=952  \\$00$10$2ddc$40$6BIO_SCHU2_E$70$8BIO$921228$aORPH$bORPH$cKTS1_P$d2022-01-13$l1$m2$oBIO SCHU2 e$p20138278$q2022-07-22$r2022-01-25 00:00:00$s2022-01-25$w2022-01-24$yBOO
=999  \\$d20649

