=LDR  03061cam a22002658i 4500
=001  20650
=008  210323s2021\\\\\\\g\\\\\b\\\\001\0deng\\
=020  \\$a9780253058287
=041  \\$aeng
=100  \\$aStefaniak, Alexander$d-1983$4aut$923550
=245  10$aBecoming Clara Schumann:$bPerformance Strategies and Aesthetics in the Culture of the Musical Canon
=260  \\$aBloomington$bIndiana University$c2021
=300  \\$a308 pages
=504  \\$aIncludes bibliographical references and index.
=505  \\$aIntroduction -- Schumann's early-career concert vehicles : transcendent interiority and the cutting edge of popular pianism -- The imagined revelation fo musical works -- The compositional agency of the revelatory interpreter -- Clara Schuman's 1840 compositions and her midcentury persona -- Navigating and shaping local concert scenes and canons : Clara Schumann's 1854-1856 tours -- Revelatory interpretation and the performance of memory -- Epilogue.
=520  \\$a"Well before she married Robert Schumann, Clara Schumann was already an internationally renowned pianist, and she concertized extensively for several decades after her husband's death. Despite being tied professionally to Robert, Clara forged her own career and played an important role in forming what we now recognize as the culture of classical music. Becoming Clara Schumann guides readers through her entire career, including performance, composition, edits to her husband's music, and teaching. Alexander Stefaniak brings together the full run of Schumann's concert programs, detailed accounts of her performances and reception, and other previously unexplored primary source material to illuminate how she positioned herself within larger currents in concert life and musical aesthetics. He reveals that she was not only an accomplished strategist--having played roughly 1,300 concerts in her 61-year career across western and central Europe-but also played an integral role in shaping the reception of her husband's music. Revolutionary for the time, Schumann earned success and prestige by crafting her own playing style, selecting and composing her own concerts, and acting as her own manager. By highlighting Schumann's navigation of music's gendered boundaries, Becoming Clara Schumann details how she cultivated her public image in order to win over audiences and embody some of her field's most ambitious aspirations for musical performance"--
=600  \0$aSchumann, Clara$d1819-1896$1http://www.wikidata.org/entity/Q132232$915642
=650  \0$aMusic history$1http://www.wikidata.org/entity/Q846047$921373
=650  \0$aCuckoo$1http://www.wikidata.org/entity/Q18845$922474
=650  \0$aBiography$1http://www.wikidata.org/entity/Q36279$91927
=650  \0$aPiano$1http://www.wikidata.org/entity/Q5994$92127
=650  \0$aFemale$1http://www.wikidata.org/entity/Q6581072$921764
=942  \\$cBOO
=952  \\$00$10$2ddc$40$6BIO_SCHU3_D$70$8BIO$921229$aORPH$bORPH$cKTS1_P$d2022-01-13$l1$m2$oBIO SCHU3 d$p20138279$r2025-06-25 10:01:33$s2022-01-25$w2022-01-24$yBOO
=999  \\$d20650

