=LDR  02223cam a2200241 i 4500
=001  20652
=005  20251001162314.0
=008  201117t2020\\\\\\\ag\\\\b\\\\001\0\eng\d
=020  \\$a9781783274963
=041  \\$aeng
=100  \\$4edt$aFrühauf, Tina$1http://www.wikidata.org/entity/Q70861510$910990
=245  00$aPostmodernity's Musical Pasts
=260  \\$aWoodbridge$bBoydell$c2020
=300  \\$axviii-305 pages$bill., music examples
=504  \\$aIncludes bibliographical references (pages 273-296) and index.
=505  \\$gIntroduction - Tina Fruehauf; Music and Postmodern Time - Lawrence Kramer; 'Aesthetic Indigestion': Alfred Schnittke, Anachronism, and the Contemporary Cadenza's Musical Pasts - Joshua S. Walden; John Adams's Post-stylistic Approach to the Past: A Response to the Uncertain Future of a Globalized World? - Max Noubel; Germany Post Modernism and the Sphericity of Time - Laurenz Lütteken; Visions of the 'End of History', 1968, and the Emergence of 'Postmoderne Musik' in West Germany - Beate Kutschke; (Neo-)Schenkerism and the Past: Recovering a Plurality of Critical Contexts - John Koslovsky; From Bach to Neruda: Historicity and Heterogenous Temporality in the Chilean Cantata (1941-69) - Daniella Fugellie; Time Re-Covered: Double Temporality in Olga Neuwirth's Hommage à Klause Nomi - Georg Burgstaller; The Past is Home: Eduardo Martínez Torner in Postwar London -- An Exile's Nostalgia for Spanish Musicology - Susana Asensio Llamas; Historical Nostalgia, Nature, and the Future in Three Iconic Albums from 1971: Aqualung, Who's Next, and Led Zeppelin IV - Caitlin Carlos; Indie Neofado's Temporality: A Tale of Two Nostalgia's - Michael Arnold
=648  \0$a20th Century (1901-2000)$1http://www.wikidata.org/entity/Q6927$920936
=650  \0$aMusic history$1http://www.wikidata.org/entity/Q846047$921373
=650  \0$aMusic criticism$1http://www.wikidata.org/entity/Q11748889$921598
=650  \0$aMusic philosophy and aesthetics$1http://www.wikidata.org/entity/Q2092865$921165
=942  \\$cBOO
=952  \\$00$10$2ddc$40$6GHM_7_000000000000000$70$8GHM$921231$aORPH$bORPH$cKM12_1$d2022-01-13$l1$oGHM7$p20138281$q2022-07-22$r2022-01-25 00:00:00$s2022-01-25$v85.00$w2022-01-24$yBOO
=999  \\$d20652

