=LDR  00803nam a22002057a 4500
=001  20653
=008  220124s2008\\\\|||ocag|\||||\00|\0bita\d
=041  \\$aita
=100  \\$4aut$aMolinari, Guido Ennio$923556
=245  \\$aEugen d'Albert (1864-1932):$bLa vita e le opere
=260  \\$aRende$bGammaro$c2008
=300  \\$a623 pages
=490  \\$aPolimnia$v3
=650  \0$aMusic history$1http://www.wikidata.org/entity/Q846047$921373
=650  \0$aBiography$1http://www.wikidata.org/entity/Q36279$91927
=650  \0$aPianist$1http://www.wikidata.org/entity/Q486748$92959
=650  \0$aComposer$1http://www.wikidata.org/entity/Q36834$93625
=942  \\$cBOO
=952  \\$00$10$2ddc$40$6BIO_ALBE_D$70$8BIO$921232$aORPH$bORPH$cKTS1_P$d2020-07-08$l0$oBIO ALBE d$p20138282$r2022-01-24 00:00:00$w2022-01-24$yBOO
=999  \\$d20653

