=LDR  02598cam a22002658i 4500
=001  20654
=008  200723s2021\\\\nyu\\\\\\b\\\\001\0\eng\\
=020  \\$a9780367231354
=041  \\$aeng
=245  00$aCreative Research in Music:$bInformed Practice, Innovation and Transcendence
=260  \\$aNew York$bRoutledge$c2021
=300  \\$ax-237 pages
=490  \\$aISME specialist themes in music education
=500  \\$afor more information: https://www.routledge.com/Creative-Research-in-Music-Informed-Practice-Innovation-and-Transcendence/Reid-Costa-Carrigan/p/book/9780367231354
=504  \\$aIncludes bibliographical references and index.
=520  \\$a"Creative Research in Music explores what it means to be an artistic researcher in music in the 21st century. The book delineates the myriad processes that underpin successful artistic research in music, providing best practice exemplars ranging from Western classical art to local indigenous traditions, and from small to large-scale, multi-media and cross-cultural work formats. Drawing on the richness of creative research work at key institutions in the South-East Asian and Australian region, this book examines the social, political, historical and cultural driving forces that spur and inspire excellence in creative research to extend and to cross boundaries, to sustain our music industry, to advocate for the importance of music in our world, and to make it clear that music matters. In fourteen chapters, authors explain present the ideas of informed practice, innovation and transcendence. Each of these three themes has an introductory section where the theme is explored and the chapters in that section introduced. At the conclusion of each such section, the editors summarise the pedagogical and social implications for performance practice. A final chapter in the book discusses how the themes in combination, with reference to the authorial group, are able to transform music pedagogy and performance for our global and complex world"
=650  \0$aArtistic research$1http://www.wikidata.org/entity/Q20827087$921804
=650  \0$aHistorically informed performance$1http://www.wikidata.org/entity/Q1344860$920980
=650  \0$aMusic education$1http://www.wikidata.org/entity/Q27908$921766
=700  \\$aReid, Anna$d-1963$4edt$923557
=700  1\$aPeres Da Costa, Neal$4edt$919353
=700  \\$aCarrigan, Jeanell$d-1959$4edt$923558
=942  \\$cBOO
=952  \\$00$10$2ddc$40$6MTP_3_000000000000000_REID$70$8MTP$921233$aORPH$bORPH$cKM12_1$d2022-01-10$oMTP3 REID$p20138283$r2022-01-24 00:00:00$v71.35$w2022-01-24$yBOO
=999  \\$d20654

