=LDR  03124nam a22002297a 4500
=001  20655
=008  220124s2021\\\\|||ago||\||||\00|\0\eng\d
=020  \\$a9789462702585
=041  \\$aeng
=100  \\$4edt$aImpett, Jonathan$1https://orcid.org/0000-0002-6525-2095$916357
=245  \\$aSound Work:$bComposition as Critical Technical Practice
=260  \\$aLeuven$bLeuven University$c2021
=300  \\$a373 pages
=490  \\$aOrpheus Institute Series
=500  \\$afor more information: https://lup.be/products/129485
=520  \\$aThe practices and perception of music creation have evolved with the cultural, social and technological contexts of music and musicians. But musical authorship, in its many technical and aesthetic modes, remains an important component of music culture. Musicians are increasingly called on to share their experience in writing. However, cultural imperatives to account for composition as knowledge production and to make claims for its uniqueness inhibit the development of discourse in both expert and public spheres. Internet pioneer Philip Agre observed a discourse deficit in artificial intelligence research and proposed a critical technical practice, a single disciplinary field with “one foot planted in the craft work of design and the other foot planted in the reflexive work of critique. … A critical technical practice rethinks its own premises, re-evaluates its own methods, and reconsiders its own concepts as a routine part of its daily work.”

This volume considers the potential for critical technical practice in the evolving situation of composition across a wide range of current practices. In seeking to tell more honest, useful stories of composition, it hopes to contribute to a new discourse around the creation of music.

Contributors: Patricia Alessandrini (Stanford University), Alan Blackwell (University of Cambridge), Nicholas Brown (Trinity College Dublin), Marko Ciciliani (University of Music and Performing Arts Graz, Austria), Nicolas Collins (The School of the Art Institute of Chicago), Agostino Di Scipio (Music Conservatory of L’Aquila / "Arts, écologies, transitions" Research Team, Paris), Daniela Fantechi (Orpheus Institute / University of Antwerp), Ambrose Field (University of York), Karim Haddad (IRCAM - Centre Georges Pompidou), Jonathan Impett (Orpheus Institute), Thor Magnusson (University of Sussex / Iceland University of the Arts), Scott McLaughlin (University of Leeds), Lula Romero (composer), David Rosenboom (composer), Ann Warde (independent scholar), Laura Zattra (IRCAM / Rovigo Conservatories of Music), Julie Zhu (Stanford University)
This publication is GPRC-labeled (Guaranteed Peer-Reviewed Content).
=650  \0$aArtistic research$1http://www.wikidata.org/entity/Q20827087$921804
=650  \0$aComposing$1http://www.wikidata.org/entity/Q92186587$93076
=650  \0$aMusic criticism$1http://www.wikidata.org/entity/Q11748889$921598
=942  \\$cBOO
=952  \\$00$10$2ddc$40$6MTP_2_000000000000000_IMPE$70$8MTP$921234$aORPH$bORPH$cKM12_1$d2022-01-24$l0$oMTP2 IMPE$p20138284$r2022-01-24 00:00:00$w2022-01-24$yBOO
=999  \\$d20655

