=LDR  01090nac a22002297a 4500
=001  20681
=008  220209s1854\\\\||||||||\||||\00|\0\dut\d
=041  \\$adut
=245  \\$aEten en drinken; Korte kroniek Beginnende met het Jaar 1813
=260  \\$bDe maatschappij: Tot nut van't algemeen$c1854
=300  \\$a32 pages
=500  \\$aIn a boxed collection of pamphlets, songs, poems and others about mariage, eating, drinking, humor, anecdotes, etc.
=500  \\$aPart VIII and IX of an Almanac of 1856 (see also H1-021i)
=648  \0$a19th Century (1801-1900)$1http://www.wikidata.org/entity/Q6955$920935
=650  \0$aEducation$926206
=650  \0$aHistory$1http://www.wikidata.org/entity/Q309$921403
=650  \0$aAlmanac$1http://www.wikidata.org/entity/Q171341$921366
=651  \0$aNetherlands$1http://www.wikidata.org/entity/Q55$9173
=773  \\$04267$tCollection of pamphlets$w4267
=942  \\$cEPH
=952  \\$00$10$2ddc$40$6KTS_1_000000000000000_C2_03_H1021G$70$8RAR$921272$aORPH$bORPH$cKTS1_C2$d2022-02-09$eKoopman$l0$oKTS1 C2.03 H1-021g$r2022-02-09 00:00:00$w2022-02-09$yEPH
=999  \\$d20681

