=LDR  00812nac a22001817a 4500
=001  20687
=008  220209b\\\\\\\\|||a||||\||||\00|\p\dut\d
=041  \\$adut
=245  \\$aEen huwelijks-aanvraag
=300  \\$a16 pages
=500  \\$aIn a boxed collection of pamphlets, songs, poems and others about mariage, eating, drinking, humor, anecdotes, etc. 
=648  \0$a19th Century (1801-1900)$1http://www.wikidata.org/entity/Q6955$920935
=650  \0$aPoetry$1http://www.wikidata.org/entity/Q482$93026
=651  \0$aNetherlands$1http://www.wikidata.org/entity/Q55$9173
=773  \\$04267$tCollection of pamphlets$w4267
=942  \\$cEPH
=952  \\$00$10$2ddc$40$6KTS_1_000000000000000_C2_03_H1021N$70$8RAR$921278$aORPH$bORPH$cKTS1_C2$d2022-02-09$eKoopman$l0$oKTS1 C2.03 H1-021n$r2022-02-09 00:00:00$w2022-02-09$yEPH
=999  \\$d20687

