=LDR  00942nac a22001937a 4500
=001  20698
=008  220214b\\\\\\\\||||||||\||||\00|\0\dut\d
=041  \\$adut
=245  \\$aVoor moeders en vrouwen, die met jonge kinderen te doen hebben
=300  \\$a16 pages
=500  \\$aIn a boxed collection of pamphlets, songs, poems and others about mariage, eating, drinking, humor, anecdotes, etc.

=648  \0$a19th Century (1801-1900)$1http://www.wikidata.org/entity/Q6955$920935
=650  \0$aMoral education$1http://www.wikidata.org/entity/Q25457248$93171
=650  \0$aCrescendo$1http://www.wikidata.org/entity/Q2347888$922787
=651  \0$aNetherlands$1http://www.wikidata.org/entity/Q55$9173
=773  \\$04267$tCollection of pamphlets$w4267
=942  \\$cEPH
=952  \\$00$10$2ddc$40$6KTS_1_000000000000000_C2_03_H1021AA$70$8RAR$921292$aORPH$bORPH$cKTS1_C2$d2022-02-14$eKoopman$l0$oKTS1 C2.03 H1-021aa$r2022-02-14 00:00:00$w2022-02-14$yEPH
=999  \\$d20698

