=LDR  02878cjm a22003017a 4500
=001  20701
=005  20250925143307.0
=008  070126p20061965gw\sgn|\\iz\\\\\\\|\mul\d
=024  1\$a025091012824
=041  1\$ager$aeng
=100  \\$aKagel, Mauricio$d1931-2008$4cmp$4prf$1http://www.wikidata.org/entity/Q178293$916378
=245  14$aThe Mauricio Kagel edition
=260  \\$aMunich$bWinter & Winter$c2006
=300  \\$a2 CDs; 1 DVD$ebooklet
=500  \\$aProgram notes in English and German, and credits (60 p. : ill., ports.) bound in container
=500  \\$a"Exclusive limited numbered edition for the 75th birthday of Mauricio Kagel. Total number of copies published: 3000." On booklet
=505  0\$aCD 1, Kagel plays and sings: Pandorabox : bandoneon piece (Mauricio Kagel, bandoneon, voice) (12:13) ; Tango alemán (Mauricio Kagel, voice ; Alejandro Barletta, bandoneon ; Jorge Risi, violin ; Carlos Roqué Alsina, piano) (9:28) ; Bestiarium : music for bird-calls in three movements (Beth Griffith, Mesías Maiguashca, Mauricio Kagel, whistles) (35:50) -- CD 2, Ein Aufnahmenzustand (Radiophonic piece = Hörspiel): Speak softly (6:29) ; Lullaby (3:03) ; Spinning top (9:12) ; Acoustic lessons for children (1:18) ; Ethnophonation (5:32) ; Excursus about the love in Christian theology (4:52) ; Onomatopoeia and musical pictures (12:28) (Peter Brötzmann, reeds, voice ; Heinz-Georg Thor, bass ; Michael Vetter, voice, recorders ; Alfred Feussner (voice, noises) ; Deborah Kagel, Mauricio Kagel, voices ; William Pearson, vocals ; Christoph Caskel, drums, voice)
=505  1\$aDVD: Ludwig van / a report by Mauricio Kagel ; music by Ludwig van Beethoven ; book and musical arrangements: Mauricio Kagel (90:41)
=511  0\$aIn Pandorasbox: Mauricio Kagel, bandoneon, voice. In Tango alemán: Mauricio Kagel, voice ; Alejandro Barletta, bandoneon ; Jorge Risi, violin ; Carlos Roqué Alsina, piano. In Bestiarium: Beth Griffith, Mesías Maiguashca, Mauricio Kagel, whistles. In Aufnahmenzustand: Peter Brötzmann, reeds, voice ; Heinz-Georg Thor, bass ; Michael Vetter, voice, recorders ; Alfred Feussner, voice, noises ; Deborah Kagel, William Pearson, vocals ; Christoph Caskel, drums, voice ; Mauricio Kagel, voice.
=518  \\$aRecorded between 1965 and 1978, at WDR, Köln, Germany.
=600  \0$aBeethoven, Ludwig van$d1770-1827$1http://www.wikidata.org/entity/Q255$95335
=648  \0$a20th Century (1901-2000)$1http://www.wikidata.org/entity/Q6927$920936
=650  \0$aInstrumental music$1http://www.wikidata.org/entity/Q639197$92106
=650  \0$aSong$1http://www.wikidata.org/entity/Q7366$94164
=650  \0$aOrnithology$921944
=942  \\$cREC
=952  \\$00$10$2ddc$40$6REC_CD_KAGE_2006_000000000000000$70$8REC$921296$aORPH$bORPH$cKM12_2_B$d2022-02-14$l1$oREC CD KAGE 2006$p20138366$q2022-08-11$r2022-02-14 00:00:00$s2022-02-14$w2022-02-14$yREC
=999  \\$d20701

