=LDR  03265nas a2200217 a 4500
=001  20706
=008  870325s2009\\\\gw\q|\|||||||||\\\||ger||
=022  \\$a0178-8884
=041  \\$ager
=100  \\$4edt$aGronemeyer, Gisela$d-1954$1http://www.wikidata.org/entity/Q95210383$922577
=245  00$aMusikTexte:$bZeitschrift für neue Musik
=260  \\$aCologne$bMusikTexte$c2009
=300  \\$a96 pages
=500  \\$aHeft 120
=520  \\$aMauricio Kagel
    Obituary Reading (Chris Newman)
    Vortrag eines Nachrufs. Quellentext zu „Obituary Reading“ (Chris Newman)
    Discours de la méthode. Kagel, Mauricio: Komponist, Enzyklopädist (Wieland Reich)
    Zauberer und Souverän. Kagel als Hörspielmacher (Jochen Meißner und Frank Kaspar)
    Zwischen Klang und Geste. Kagels „Instrumentales Theater“ (Caroline Wilkins)
    Unbedingtes Vertrauen. Der TAM-Enthusiast Pit Therre im Gespräch (Raoul Mörchen)
    Erinnerungen mit Beethoven. Kagels Fragment-Hommage in „Ludwig van“ (Stefan Drees)
    Musikgeschichte als Geschichtenerzählen. Ein Argentinier in Darmstadt (Börn Heile)
    Liebesaffäre mit dem Theater. Als Studentin bei Mauricio Kagel (Moya Henderson)
    Über Mauricio Kagels „Pandorasbox, Bandoneonpiece“ (Frederic Rzewski)
    Werkverzeichnis

Mesías Maiguashca
    „Ich bin. Wir sind. Ich kehre zurück.“ Der Komponist Mesías Maiguashca (Thomas Beimel)
    Geographie der Töne. Über meine musikalische Arbeit (Mesías Maiguashca)
    Dal niente ... Über Mesías Maiguashca (Alberto C. Bernal)

Kommentar
    Paradoxien (Reinhard Oehlschlägel)

Porträt
    Die Überwindung des großen Klaffens“: Sven-Ingo Koch (Hanno Ehrler)
        Werkverzeichnis
    Tierlaute und Tautologie: Henning Christiansen (Thomas Groetz)

Nachruf
    Void. A Very Small Tribute to George Brecht (Stefan Fricke)
    An der Seite von Joseph Beuys. Henning Christiansen (Reinhard Oehlschlägel)
    Vom Schlagzeug zur Klanginstallation. Max Neuhaus (Reinhard Oehlschlägel)
    Der Vielseitige. Lukas Foss (Reinhard Oehlschlägel)
    Dokumentaristin und Mäzenatin. Betty Freeman (Reinhard Oehlschlägel)
    Mit Fäden, Spitze, Tüll. Ursula Burghardt-Kagel
    Gottfried Möckel

Netzwerk Neue Musik
    Die ON-Konzertreihe mit Schlüsselwerken der neuen Musik (Rainer Nonnenmann)
    „No Entry to the Lions Club“. Zur Kölner Schlüsselwerksliste (Gisela Gronemeyer)

Spitze
    Behämmert. Zu den Erinnerungen von Michael Gielen (Frank Hilberg)

Bericht
    Musenstreit als Ehezwist. Das Festival Eclat in Stuttgart (Rainer Nonnenmann)
    „in between“. IGNM-Weltmusiktage erstmals in Vilnius (Gisela Gronemeyer)
    „Die sollen ruhig verdächtig sein“. Klang-Aktionen in München (Bernhard Neuhoff)
    „Den Frieden komponieren?“ Ein Bremer Symposion (Rainer Nonnenmann)
    Der Osten im Westen. Das Ultraschall-Festival (Julia H. Schröder)
=600  \0$aKagel, Mauricio$d1931-2008$1http://www.wikidata.org/entity/Q178293$916378
=650  \0$aPeriodical$1http://www.wikidata.org/entity/Q1002697$921106
=650  \0$aMusic criticism$1http://www.wikidata.org/entity/Q11748889$921598
=942  \\$cPER
=952  \\$00$10$2ddc$40$70$8PER$921301$aORPH$bORPH$cKM12_1$d2022-02-14$l0$r2022-02-14 00:00:00$w2022-02-14$yPER
=999  \\$d20706

