=LDR  02172cam a2200253 a 4500
=001  20707
=005  20251001162314.0
=008  001020t2000\\\\ne\a\\\\\b\\\\001\0\eng\\
=020  \\$a9789057550942
=041  \\$aeng
=100  \\$4edt$aMiranda, Eduardo Reck$d1963-$1http://www.wikidata.org/entity/Q5340746$917661
=245  00$aReadings in Music and Artificial Intelligence
=260  \\$aAmsterdam$bHarwood Academic$c2000
=300  \\$ax-294 pages
=490  \\$aContemporary Music Studies$v20
=504  \\$aIncludes bibliographical references and index.
=505  0\$aRegarding music, machines, intelligence and the brain, an introduction to music and AI / Eduardo Reck Miranda -- Music, intelligence and artificiality / Alan Marsden -- Musical knowledge, what can artificial intelligence bring to the musician? / Geraint Wiggins, Alan Smaill -- Symbolic AI versus connectionism in music research / Petri Toiviainen -- On the potential of machine learning for music research / Gerhard Widmer -- Computer analysis of jazz chord sequences, is Solar a blues? / François Pachet -- Musical pattern extraction and similarity assessment / Pierre-Yves Rolland, Jean-Gabriel Ganascia -- Interactive music systems in ensemble performance / Robert Rowe -- Artificial intelligence architectures for composition and performance environments / Antonio Camurri -- Dynamic programming for interactive music systems / Roger Dannenberg -- The mechanization of intelligence and the human aspects of music / Carlos Gustavo Guerra -- Artificial intelligence and music education / Brian Smith -- Artificial intelligence in music education, a critical review / Simon Holland.
=650  \0$aArtificial intelligence$1http://www.wikidata.org/entity/Q11660$92413
=650  \0$aMusic philosophy and aesthetics$1http://www.wikidata.org/entity/Q2092865$921165
=650  \0$aTechnology$1http://www.wikidata.org/entity/Q11016$921633
=856  \\$uhttp://www.loc.gov/catdir/enhancements/fy0653/2002421166-d.html$3Publisher description
=942  \\$cBOO
=952  \\$00$10$2ddc$40$6SCI_MIRA$70$8SCI$921302$aORPH$bORPH$cKM12_1$d2022-02-09$l0$oSCI MIRA$p20138376$r2022-02-14 00:00:00$w2022-02-14$yBOO
=999  \\$d20707

