=LDR  00978nam a22002297a 4500
=001  20717
=005  20251103124736.0
=008  220221r18941986gw\h||||\||||\00|\0\ger\d
=041  \\$ager
=100  \\$4aut$aFrenzel, Robert$d1850-1928$923723
=245  \\$aDie Orgel und ihre Meister
=260  \\$aLeipzig$bBäeenreiter$c1986
=300  \\$a145 pages
=648  \0$a19th Century (1801-1900)$1http://www.wikidata.org/entity/Q6955$920935
=650  \0$aOrgan$1http://www.wikidata.org/entity/Q1444$92810
=650  \0$aMethod$1http://www.wikidata.org/entity/Q2250960$921402
=650  \0$aOrganist$1http://www.wikidata.org/entity/Q765778$94471
=650  \0$aMusical interpretation$1http://www.wikidata.org/entity/Q1668139$94533
=651  \0$aGermany$1http://www.wikidata.org/entity/Q183$9155
=942  \\$cBOO
=952  \\$00$10$2ddc$40$6INS_3_000000000000000_1A$70$8INS$921321$aORPH$bORPH$cKTS0$d2020-07-08$eKoopman$i13B23$l0$oINS3.1a$p20124488$r2022-02-21 00:00:00$w2022-02-21$yBOO
=999  \\$d20717

