=LDR  05446    a2200517   4500
=001  20754
=008  220310s1779\\\\||||||||\||||\00|\d\fre\d
=041  \\$afre
=100  \\$4aut$aLa Harpe, Jean-François de$d1739-1803$1http://www.wikidata.org/entity/Q379022$98415
=245  \\$aLes Muses Rivales$bEn un acte et en vers libres
=260  \\$aParis$bPissot$c1779
=300  \\$a31 pages
=501  \\$aBound with (in the middle of) Theatre de M. de la Harpe 
=590  \\$aReprésentée pour la première fois, par les Comédiens Français, le 1er Février 1779
=648  \0$a18th Century (1701-1800)$1http://www.wikidata.org/entity/Q7015$920899
=650  \0$aPlay (theater)$1http://www.wikidata.org/entity/Q25379$921414
=651  \0$aFrance$1http://www.wikidata.org/entity/Q142$9131
=653  \0$aboekprijs$3tp$0$wH2-043c$929701
=773  \\$04407$tTheatre de M. de la Harpe$w4407
=856  \\$uhttps://gallica.bnf.fr/view3if/ga/ark:/12148/bpt6k58324490/f2$3IIIF
=942  \\$cBOO
=952  \\$00$10$2ddc$40$6KTS_1_000000000000000_C2_08_H2043C$70$921378$aORPH$bORPH$cKTS1_C2$d2022-03-10$eKoopman$iH2-043$l0$oKTS1 C2.08 H2-043c$r2022-03-10 00:00:00$w2022-03-10$yBOO
=952  \\$00$10$2ddc$40$6KTS_1_000000000000000_C2_08_H2043C$70$923777$aORPH$bORPH$cKTS1_C2$d2022-03-10$eKoopman$iH2-043$l0$oKTS1 C2.08 H2-043c$r2022-03-10 00:00:00$w2022-03-10$yBOO
=952  \\$00$10$2ddc$40$6KTS_1_000000000000000_C2_08_H2043C$70$924016$aORPH$bORPH$cKTS1_C2$d2022-03-10$eKoopman$iH2-043$l0$oKTS1 C2.08 H2-043c$r2022-03-10 00:00:00$w2022-03-10$yBOO
=952  \\$00$10$2ddc$40$6KTS_1_000000000000000_C2_08_H2043C$70$924319$aORPH$bORPH$cKTS1_C2$d2022-03-10$eKoopman$iH2-043$l0$oKTS1 C2.08 H2-043c$r2022-03-10 00:00:00$w2022-03-10$yBOO
=952  \\$00$10$2ddc$40$6KTS_1_000000000000000_C2_08_H2043C$70$924320$aORPH$bORPH$cKTS1_C2$d2022-03-10$eKoopman$iH2-043$l0$oKTS1 C2.08 H2-043c$r2022-03-10 00:00:00$w2022-03-10$yBOO
=952  \\$00$10$2ddc$40$6KTS_1_000000000000000_C2_08_H2043C$70$924321$aORPH$bORPH$cKTS1_C2$d2022-03-10$eKoopman$iH2-043$l0$oKTS1 C2.08 H2-043c$r2022-03-10 00:00:00$w2022-03-10$yBOO
=952  \\$00$10$2ddc$40$6KTS_1_000000000000000_C2_08_H2043C$70$924709$aORPH$bORPH$cKTS1_C2$d2022-03-10$eKoopman$iH2-043$l0$oKTS1 C2.08 H2-043c$r2022-03-10 00:00:00$w2022-03-10$yBOO
=952  \\$00$10$2ddc$40$6KTS_1_000000000000000_C2_08_H2043C$70$924710$aORPH$bORPH$cKTS1_C2$d2022-03-10$eKoopman$iH2-043$l0$oKTS1 C2.08 H2-043c$r2022-03-10 00:00:00$w2022-03-10$yBOO
=952  \\$00$10$2ddc$40$6KTS_1_000000000000000_C2_08_H2043C$70$924711$aORPH$bORPH$cKTS1_C2$d2022-03-10$eKoopman$iH2-043$l0$oKTS1 C2.08 H2-043c$r2022-03-10 00:00:00$w2022-03-10$yBOO
=952  \\$00$10$2ddc$40$6KTS_1_000000000000000_C2_08_H2043C$70$924712$aORPH$bORPH$cKTS1_C2$d2022-03-10$eKoopman$iH2-043$l0$oKTS1 C2.08 H2-043c$r2022-03-10 00:00:00$w2022-03-10$yBOO
=952  \\$00$10$2ddc$40$6KTS_1_000000000000000_C2_08_H2043C$70$924713$aORPH$bORPH$cKTS1_C2$d2022-03-10$eKoopman$iH2-043$l0$oKTS1 C2.08 H2-043c$r2022-03-10 00:00:00$w2022-03-10$yBOO
=952  \\$00$10$2ddc$40$6KTS_1_000000000000000_C2_08_H2043C$70$924714$aORPH$bORPH$cKTS1_C2$d2022-03-10$eKoopman$iH2-043$l0$oKTS1 C2.08 H2-043c$r2022-03-10 00:00:00$w2022-03-10$yBOO
=952  \\$00$10$2ddc$40$6KTS_1_000000000000000_C2_08_H2043C$70$926460$aORPH$bORPH$cKTS1_C2$d2022-03-10$eKoopman$iH2-043$l0$oKTS1 C2.08 H2-043c$r2022-03-10 00:00:00$w2022-03-10$yBOO
=952  \\$00$10$2ddc$40$6KTS_1_000000000000000_C2_08_H2043C$70$926461$aORPH$bORPH$cKTS1_C2$d2022-03-10$eKoopman$iH2-043$l0$oKTS1 C2.08 H2-043c$r2022-03-10 00:00:00$w2022-03-10$yBOO
=952  \\$00$10$2ddc$40$6KTS_1_000000000000000_C2_08_H2043C$70$926462$aORPH$bORPH$cKTS1_C2$d2022-03-10$eKoopman$iH2-043$l0$oKTS1 C2.08 H2-043c$r2022-03-10 00:00:00$w2022-03-10$yBOO
=952  \\$00$10$2ddc$40$6KTS_1_000000000000000_C2_08_H2043C$70$926463$aORPH$bORPH$cKTS1_C2$d2022-03-10$eKoopman$iH2-043$l0$oKTS1 C2.08 H2-043c$r2022-03-10 00:00:00$w2022-03-10$yBOO
=952  \\$00$10$2ddc$40$6KTS_1_000000000000000_C2_08_H2043C$70$926464$aORPH$bORPH$cKTS1_C2$d2022-03-10$eKoopman$iH2-043$l0$oKTS1 C2.08 H2-043c$r2022-03-10 00:00:00$w2022-03-10$yBOO
=952  \\$00$10$2ddc$40$6KTS_1_000000000000000_C2_08_H2043C$70$926465$aORPH$bORPH$cKTS1_C2$d2022-03-10$eKoopman$iH2-043$l0$oKTS1 C2.08 H2-043c$r2022-03-10 00:00:00$w2022-03-10$yBOO
=952  \\$00$10$2ddc$40$6KTS_1_000000000000000_C2_08_H2043C$70$926466$aORPH$bORPH$cKTS1_C2$d2022-03-10$eKoopman$iH2-043$l0$oKTS1 C2.08 H2-043c$r2022-03-10 00:00:00$w2022-03-10$yBOO
=952  \\$00$10$2ddc$40$6KTS_1_000000000000000_C2_08_H2043C$70$926467$aORPH$bORPH$cKTS1_C2$d2022-03-10$eKoopman$iH2-043$l0$oKTS1 C2.08 H2-043c$r2022-03-10 00:00:00$w2022-03-10$yBOO
=952  \\$00$10$2ddc$40$6KTS_1_000000000000000_C2_08_H2043C$70$926468$aORPH$bORPH$cKTS1_C2$d2022-03-10$eKoopman$iH2-043$l0$oKTS1 C2.08 H2-043c$r2022-03-10 00:00:00$w2022-03-10$yBOO
=952  \\$00$10$2ddc$40$6KTS_1_000000000000000_C2_08_H2043C$70$926469$aORPH$bORPH$cKTS1_C2$d2022-03-10$eKoopman$iH2-043$l0$oKTS1 C2.08 H2-043c$r2022-03-10 00:00:00$w2022-03-10$yBOO
=952  \\$00$10$2ddc$40$6KTS_1_000000000000000_C2_08_H2043C$70$926470$aORPH$bORPH$cKTS1_C2$d2022-03-10$eKoopman$iH2-043$l0$oKTS1 C2.08 H2-043c$r2022-03-10 00:00:00$w2022-03-10$yBOO
=952  \\$00$10$2ddc$40$6KTS_1_000000000000000_C2_08_H2043C$70$926471$aORPH$bORPH$cKTS1_C2$d2022-03-10$eKoopman$iH2-043$l0$oKTS1 C2.08 H2-043c$r2022-03-10 00:00:00$w2022-03-10$yBOO
=999  \\$d20754

