=LDR  00842nam a22002057a 4500
=001  20756
=005  20251001162234.0
=008  220315s1998\\\\|||o||||\||||\00|\0\ger\d
=020  \\$a3883752924
=041  \\$ager
=100  \\$4aut$aSchmieder, Peter$1http://www.wikidata.org/entity/Q91807955$923805
=245  \\$aUnlimitiert:$bDer VICE - Versand von Wolfgang Feelisch
=260  \\$aCologne$bKönig$c1998
=300  \\$a230 pages
=590  \\$aKommentiertes Editionsverzeichnis der Multiples von 1967 bis in die Gegenwart
=650  \0$aFine art$1http://www.wikidata.org/entity/Q219625$921579
=650  \0$aAesthetics$1http://www.wikidata.org/entity/Q35986$921494
=942  \\$cBOO
=952  \\$00$10$2ddc$40$6VIS_SCHM$70$8VIS$921380$aORPH$bORPH$cKM12_1$d2022-03-11$l1$oVIS SCHM$p20138519$r2022-06-03 00:00:00$s2022-03-17$v29.00$w2022-03-15$yBOO
=999  \\$d20756

