=LDR  00694ccm a2200169u  4500
=001  20758
=008  810203s1971\\\\gw\\\\\\\\\\\\000\0\ger\\
=020  \\$a9790001068826
=041  \\$ager$aeng
=100  \\$aSchnebel, Dieter$d1930-2018$4cmp$1http://www.wikidata.org/entity/Q264475$916780
=245  10$aAbfälle I, 2:$bVisible Music I für 1 Dirigenten und 1 Instrumentalisten
=260  \\$aMainz$bSchott's Söhne$c1971
=300  \\$a11 pages$clarge
=650  \0$aAleatory music$1http://www.wikidata.org/entity/Q623715$923541
=942  \\$cSCO
=952  \\$00$10$2ddc$40$6SCO_SCHN$70$8SCO$921383$aORPH$bORPH$cKTS1_P$d2022-03-03$l1$oSCO SCHN$p20138521$q2022-09-11$r2022-03-17 00:00:00$s2022-03-17$ySCO
=999  \\$d20758

