=LDR  00914njm a22002177a 4500
=001  20760
=008  220316s2021\\\\||||||||\||||\00|\\\eng\d
=024  \\$a9120040732240
=041  \\$aeng
=059  \\$avn va
=100  \\$4cmp$aScelsi, Giacinto$d1905-1988$1http://www.wikidata.org/entity/Q456751$917716
=245  \\$aGiacinto Scelsi:$bWorks for Violin and Viola
=260  \\$aVienna$bPaladino$c2021
=300  \\$aCD, 1:00:44
=650  \0$aInstrumental music$1http://www.wikidata.org/entity/Q639197$92106
=650  \0$aViolin$1http://www.wikidata.org/entity/Q8355$92783
=650  \0$aViola$1http://www.wikidata.org/entity/Q80284$921810
=700  \\$4prf$aFusi, Marco$1http://www.wikidata.org/entity/Q84819313$923809
=942  \\$cREC
=952  \\$00$10$2ddc$40$6REC_CD_FUSI_2021_000000000000000$70$8REC$921388$aORPH$bORPH$cKM12_2_B$d2022-03-16$l0$oREC CD FUSI 2021$p20138531$r2022-03-16 00:00:00$w2022-03-16$yREC
=999  \\$d20760

