=LDR  00852nam a22002057a 4500
=001  20761
=008  220316s20052003||||||||\||||\00|\0beng\d
=020  \\$a9780521663779
=041  \\$aeng
=100  \\$4edt$aCross, Jonathan$d1961-$1http://www.wikidata.org/entity/Q106878449$917736
=245  \\$aThe Cambridge Companion to Stravinsky
=260  \\$aCambridge$bCambridge University Press$c2005
=300  \\$axiii-327 pages
=490  \\$aCambridge Companions to Music
=600  \0$aStravinsky, Igor$d1882-1971$1http://www.wikidata.org/entity/Q7314$919367
=650  \0$aComposer$1http://www.wikidata.org/entity/Q36834$93625
=650  \0$aBiography$1http://www.wikidata.org/entity/Q36279$91927
=942  \\$cBOO
=952  \\$00$10$2ddc$40$6BIO_STRA_C$70$8BIO$921389$aORPH$bORPH$cKTS1_P$d2022-03-15$oBIO STRA c$p20138532$r2022-03-16 00:00:00$w2022-03-16$yBOO
=999  \\$d20761

