=LDR  01398nam a22002177a 4500
=001  20765
=005  20251001162234.0
=008  220323s2017\\\\|||o||||\||||\00|\e\fre\d
=041  \\$afre
=100  \\$4aut$aQuinz, Emanuele$1http://www.wikidata.org/entity/Q52834862$923828
=245  \\$aLe cercle invisible :$bEnvironnements, systèmes, dispositifs
=260  \\$aDijon$bLes presses du réel$c2017
=300  \\$a332 pages
=500  \\$aDoctor in Aesthetics, science and technology of the arts, Emanuele Quinz is an art and design historian, lecturer at the University of Paris and teacher-researcher at the 'École nationale supérieure des Arts décoratifs'. His research explores the convergences between disciplines in contemporary artistic practices: from visual arts to music, from dance to design. With research, he combines the practice of curating exhibitions. Quinz co-directs the Design/Theories collection at Presses du réel. 
=650  \0$aArtistic research$1http://www.wikidata.org/entity/Q20827087$921804
=650  \0$aAesthetics$1http://www.wikidata.org/entity/Q35986$921494
=650  \0$aFine art$1http://www.wikidata.org/entity/Q219625$921579
=650  \0$aPerformance art$1http://www.wikidata.org/entity/Q213156$922164
=942  \\$cBOO
=952  \\$00$10$2ddc$40$6AES_QUIN$70$8AES$921407$aORPH$bORPH$cKM12_1$d2022-03-23$oAES QUIN$p20138568$r2022-03-23 00:00:00$w2022-03-23$yBOO
=999  \\$d20765

