=LDR  01872nam a22002297a 4500
=001  20774
=005  20251001162314.0
=008  220331b\\\\\\\\||||||||\||||\00|\0\###\d
=020  \\$a9783412179069
=041  \\$ager
=100  \\$4aut$aKutschke, Beate$918892
=245  \\$aNeue Linke/Neue Musik:$bKulturtheorien und künstlerische Avantgarde in den 1960er und 70er Jahren
=260  \\$aCologne$aWeimar$aVienna$bBöhlau$c2007
=300  \\$a432 pages
=490  \\$aMusik-Kultur-Gender$v2
=520  \\$aThe cultural change that followed the events of 1968 is due less to concrete political interventions in state and society than to intellectual discourses spread through the mass media that popularized and politicized knowledge, especially scientific knowledge. The present study begins with this paradigm shift, which has recently received much attention in sociology and historiography. The fact that left-wing intellectual knowledge shaped a new way of life – gender and grassroots democracy as well as ecologically sustainable ways of life – is part of the familiar picture of the epoch. However, the fact that it was also culturalized in such remote areas as contemporary music and motivated numerous compositions and styles here is now being systematically examined for the first time using eight case studies. For 1968 research, avant-garde music proved to be an important cultural field for left-wing intellectual discourses and theories that are almost forgotten today. 
=650  \0$aAvant-garde$1http://www.wikidata.org/entity/Q102932$921178
=650  \0$aPolitics$1http://www.wikidata.org/entity/Q7163$921826
=650  \0$aMusic philosophy and aesthetics$1http://www.wikidata.org/entity/Q2092865$921165
=942  \\$cBOO
=952  \\$00$10$2ddc$40$6AES_KUTS$70$8AES$921420$aORPH$bORPH$cKM12_1$d2022-03-30$l0$oAES KUTS$p20138607$r2022-03-31 00:00:00$yBOO
=999  \\$d20774

