=LDR  01002nam a22002177a 4500
=001  20778
=005  20251001162314.0
=008  220331s2020\\\\|||a||||\||||\00|\0beng\d
=020  \\$a9789493148277
=041  \\$aeng
=100  \\$4aut$aVenrooij, Esther$923873
=245  \\$aSounding Things Out:$ba Journey Trough Music and Sound Art
=260  \\$bOnomatopee$c2020
=300  \\$a144 pages$billustrations
=500  \\$aThis publication is based on the PhD dissertation 'Topography - The Interaction of Sound, Space and Medium' completed at KULeuven under the guidance of Mark Delaere andSven Sterken
=650  \0$aBiography$1http://www.wikidata.org/entity/Q36279$91927
=650  \0$aElectronic music$1http://www.wikidata.org/entity/Q9778$922014
=650  \0$aMusic philosophy and aesthetics$1http://www.wikidata.org/entity/Q2092865$921165
=942  \\$cBOO
=952  \\$00$10$2ddc$40$6BIO_VENR_A$70$8BIO$921423$aORPH$bORPH$cKTS1_P$d2022-03-31$oBIO VENR a$p20138608$r2022-03-31 00:00:00$w2022-03-31$yBOO
=999  \\$d20778

