=LDR  01148ncm a22002297a 4500
=001  20787
=008  220413s1870\\\\|||||d||\||||\00|\0\dut\d
=041  \\$adut
=059  \\$av
=245  \\$aHet Boek der Psalmen nevens de Gezangen bij de Hervormde Kerk van Nederland in gebruik
=260  \\$aAmsterdam$aHaarlem$bNederlandsche Bijbel-Compagnie$bBrandt en Zoon$bEnschedé en Zonen$c1870
=300  \\$a408 pages
=500  \\$afeather at page 220
=501  \\$aHet Nieuwe Testament
Evangelische Gezangen, om nevens het Boek der Psalmen bij den openbaren Godsdienst in de Nederlandsche Hervormde Gemeenten gebruikt te worden
=648  \0$a19th Century (1801-1900)$1http://www.wikidata.org/entity/Q6955$920935
=650  \0$aReligion$1http://www.wikidata.org/entity/Q9174$93062
=650  \0$aPsalm$1http://www.wikidata.org/entity/Q12497663$92164
=651  \0$aNetherlands$1http://www.wikidata.org/entity/Q55$9173
=773  \\$04537$tHet Nieuwe Testament$w4537
=942  \\$cSCO
=952  \\$00$10$2ddc$40$6KTS_1_000000000000000_C2_15_H2139B$70$921439$aORPH$bORPH$cKTS1_C2$d2022-04-13$eKoopman$oKTS1 C2.15 H2-139b$r2022-04-13 00:00:00$w2022-04-13$ySCO
=999  \\$d20787

