=LDR  01444njm a22002537a 4500
=001  20800
=008  220425s1976\\\\||||||||\||||\00|\0\eng\d
=041  \\$aeng
=245  \\$aNew Piano Music:$bplayed by David and Lois Burge
=260  \\$aNew York$bComposers Recordings$c1976
=300  \\$aLP, stereo
=500  \\$aFor liner notes, see: https://nwr-site-liner-notes.s3.amazonaws.com/nwcrl345.pdf
=505  \\$gC. Curtis-Smith - Rhapsodies
David Burge - Sources iv
David Chaitkin - Etudes
Joe Hudson - Reflexives for piano and tape
Andrew Frank - Orpheum (Night Music I)
=650  \0$aPiano$1http://www.wikidata.org/entity/Q5994$92127
=650  \0$aInstrumental music$1http://www.wikidata.org/entity/Q639197$92106
=700  \\$4prf$4cmp$aBurge, David$d1930-2013$1http://www.wikidata.org/entity/Q5231899$923967
=700  \\$4prf$aSvard, Lois$923968
=700  \\$4cmp$aCurtis-Smith, C.$d1941-2014$1http://www.wikidata.org/entity/Q1145638$923969
=700  \\$4cmp$aChaitkin, David$d1938-2011$1http://www.wikidata.org/entity/Q107627550$923970
=700  \\$4cmp$aHudson, Joe$d-1952$1http://www.wikidata.org/entity/Q110966035$923971
=700  \\$4cmp$aFrank, Andrew$d-1946$1http://www.wikidata.org/entity/Q110960584$923972
=942  \\$cREC
=952  \\$00$10$2ddc$40$6REC_12_000000000000000_BURG_1976$70$8REC$921461$aORPH$bORPH$cKM12_2_B$d2022-03-24$l1$oREC 12 BURG 1976$p20138710$q2022-10-21$r2022-04-26 00:00:00$s2022-04-26$w2022-04-25$yREC
=999  \\$d20800

