=LDR  01828nam a22002297a 4500
=001  20802
=005  20251003085500.0
=008  220425q1970\\\\|||o||||\c|||\00|\0\mul\d
=041  \\$ager$afre$aita
=100  \\$4aut$aFeelisch, Wolfgang$1http://www.wikidata.org/entity/Q95289857$923979
=245  \\$aVice-Versand [Zeitkunst im Haushalt]
=260  \\$aRemscheid$bVice-Versand$c[1970]
=300  \\$a1 folded page
=500  \\$aOne page (42 x 29,7 cm) printed on both sides, folded. Catalogue of all the multiples available at the moment of issue, each multiple illustrated and described in German, French and Italian. Rare Fluxus document listing works by Robert Filliou («Optimistic Box» nos. 1-2-3), Daniel Spoerri, Günter Weseler, Wolf Vostell, F.E. Walther, Dietrich Albrecht, Ken Friedman, Addi Köpke, Claus Paeffgen, Ursula Burghardt, Diter Rot, Nino Barbieri, Konrad Balder Schäuffelen, Jiri Valoch, George Brecht, Joseph Beuys ("Intuition ... statt Kochbuch"), Klaus Staek, Robin Page, Karl Gerstner, Günther Uecker, Stephen Wewerka, Gabor Altorjay, Dick Higgins, André Tomkins, Jörg Immendorff, A.M. Jehke, Gianfranco Baruchello, Thomas Bayrle, Milan Knizak, Ben Vautier, Erik Dietmann and Mauricio Kagel.
=500  \\$aThe date can be deduced from the production date of some multiples including «Optimistic box n. 3 »by Robert Filliou, from 1970.
=610  \0$aVICE-Versand (Remscheid, Germany)$923980
=650  \0$aAvant-garde$1http://www.wikidata.org/entity/Q102932$921178
=650  \0$aCatalogue$1http://www.wikidata.org/entity/Q2352616$921484
=651  \0$aGermany$1http://www.wikidata.org/entity/Q183$9155
=942  \\$cBOO
=952  \\$00$10$2ddc$40$6KTS_1_000000000000000_H_08_019$70$8COLL_UNK$921465$aORPH$bORPH$cKTS1_H$d2022-04-25$l0$oKTS1 H.08.019$p20138711$r2022-04-25 00:00:00$w2022-04-25$yBOO
=999  \\$d20802

