=LDR  02826    a2200481   4500
=001  20831
=008  220512s1659\\\\|||af|||\||||\00|\0\dut\d
=041  \\$adut
=100  \\$aNierop, Dirck Rembrantsz. van$d1610-1682$4aut$1http://www.wikidata.org/entity/Q454324$98601
=245  \\$aWis-konstige Musyka$bVertoonende De oorsaecke van 't geluyt, de redens der Zanghtoonen telkonstigh uytgereeckent, ende het maken en stellen der Speeltuygen.
=260  \\$aAmsterdam$bGoedesbergen, van$c1659
=300  \\$a70 pages$bbound in white vellum, inserted folded pages, illustrations, plates, engraved title page
=500  \\$aDirck Rembrantsz. van Nierop was a Dutch cartographer, mathematician, surveyor, astronomer, teacher and 'vermaner' who served the VOC
=500  \\$atitle page engraving portrait of the author van Nierop.
=501  \\$aBound in with Nierop's 'Mathematische calculatie'
=590  \\$aAls mede van der ouden Musijck, en verscheyden gevoelens der selder: Zijnde alles seer gedienstig en vermakelick voor Musikanten, Organisten, of andere Instrument-speelders.
=648  \0$a17th Century (1601-1700)$1http://www.wikidata.org/entity/Q7016$920923
=650  \0$aOrganology$1http://www.wikidata.org/entity/Q899293$921400
=650  \0$aMathematics$1http://www.wikidata.org/entity/Q395$922612
=650  \0$aAcoustics$1http://www.wikidata.org/entity/Q82811$921365
=650  \0$aMusic history$1http://www.wikidata.org/entity/Q846047$921373
=651  \0$aNetherlands$1http://www.wikidata.org/entity/Q55$9173
=653  \0$abeiaard$34$020138833b$wH3-077b$929377
=653  \0$aechoeffekt$312$020138833b$wH3-077b$931377
=653  \0$aemoties$314$020138833b$wH3-077b$931445
=653  \0$aenharmonies$358, 59$020138833b$wH3-077b$931477
=653  \0$aportret$3tp$020138833b$wH3-077b$936104
=653  \0$apsalterium$353-55$020138833b$wH3-077b$936252
=653  \0$atemperatuur$335, 40, 42-55, 60, 68$020138833b$wH3-077b$936807
=653  \0$aharp$344, 56, 57$020138833b$wH3-077b$932582
=653  \0$aviool$344$020138833b$wH3-077b$937605
=653  \0$aluit$362$020138833b$wH3-077b$934262
=653  \\$abünde$344-52$020138833b$wH3-077b$930019
=653  \\$alogaritme$370$020138833b$wH3-077b$934183
=653  \\$amonochord meting$321-37, 42-70$020138833b$wH3-077b$934824
=653  \\$asister$344-52, 62$020138833b$wH3-077b$939143
=653  \\$asolmisatielettergrepen$337-41$020138833b$wH3-077b$936345
=653  \\$aStevin, S.$362-68$020138833b$wH3-077b$936586
=773  \\$04655$tMathematische calculatie$w4655
=856  \\$uhttps://books.google.be/books?id=wMsGAAAAcAAJ$3Google Books
=942  \\$cBOO
=952  \\$00$10$2ddc$40$6KTS_1_000000000000000_C2_21_H3077B$70$8RAR$921524$aORPH$bORPH$cKTS1_C2$d2022-05-12$eKoopman$oKTS1 C2.21 H3-077b$p20138833b$r2022-05-12 00:00:00$w2022-05-12$yBOO
=999  \\$d20831

