=LDR  01201aam a2200205   4500
=001  20836
=008  220517s1797\\\\||||||||\||||\00|\0\dut\d
=041  \\$adut
=245  \\$aBiblia$bDat is De gantsche H. Schrift vervattende alle Canonische Boeken des Ouden en Nieuwen Testaments
=260  \\$c1797
=300  \\$a[vi]-844-[4] pages$bengraved title page, metal locks, gilded edges
=500  \\$a decorated metal locks 
=501  \\$aBound in with ‘Het Nieuwe Testament' , 'Het Boek der Psalmen' and 'Christelijke Gezangen'
=590  \\$aUit de oorspronkelijke in onse Nederlandsche Tale getrouwelyk overgeset Door Last van de Hoog Mog. Heeren Staten Generael der Veren. Neder.en en volgens 't besluit van de Sinode Nationael gehouden in de Jaren 1618 en 1619 tot Dordrecht.
=648  \0$a19th Century (1801-1900)$1http://www.wikidata.org/entity/Q6955$920935
=650  \0$aBible$1http://www.wikidata.org/entity/Q1845$921581
=651  \0$aNetherlands$1http://www.wikidata.org/entity/Q55$9173
=942  \\$cBOO
=952  \\$00$10$2ddc$40$6KTS_1_000000000000000_C2_23_H3113A$70$8RAR$921548$aORPH$bORPH$cKTS1_C2$d2022-05-17$eKoopman$l0$oKTS1 C2.23 H3-113a$p20138883a$r2022-05-17 00:00:00$w2022-05-17$yBOO
=999  \\$d20836

