=LDR  01288    a2200229   4500
=001  20838
=008  220517b\\\\\\\\||||||||\||||\00|\0\dut\d
=041  \\$adut
=245  \\$aHet Nieuwe Testament,$bofte alle boeken des nieuwen verbonds onzes Heeren Jesu Christi.
=260  \\$cs.d$aAmsterdam$bGravius; Brandt; Hengst, den; Linden, onder de
=300  \\$a[vi]-265 pages$bmetal locks, gilded edges
=500  \\$a decorated metal locks 
=500  \\$aIdentical with H3-114a
=501  \\$aBound in with ‘Biblia' , 'Het Boek der Psalmen' and 'Christelijke Gezangen'
=590  \\$aDoor Last van de Hoog Mog. Heeren Staten Generael der Vereenigde. Nederlanden en volgens het Besluit van de Synode Nationaal gehouden te Dordrecht, in de Jaren 1618 en 1619. Uit de oorspronkelijke Grieksche Taal in onze Nederlandsche overgezet
=648  \0$a19th Century (1801-1900)$1http://www.wikidata.org/entity/Q6955$920935
=650  \0$aBible$1http://www.wikidata.org/entity/Q1845$921581
=651  \0$aNetherlands$1http://www.wikidata.org/entity/Q55$9173
=773  \\$020836 $tBiblia$w20836 
=942  \\$cBOO
=952  \\$00$10$2ddc$40$6KTS_1_000000000000000_C2_23_H3113B$70$8RAR$921549$aORPH$bORPH$cKTS1_C2$d2022-05-17$eKoopman$l0$oKTS1 C2.23 H3-113b$p20138883b$r2022-05-17 00:00:00$w2022-05-17$yBOO
=999  \\$d20838

