=LDR  02309    a2200409   4500
=001  20852
=008  220523s1740\\\\||||||||\||||\00|\0\ger\d
=041  \\$ager
=245  \\$aWeimarischer Beytrag zu feyerlicher Begehung des dritten hundertjährigen Jubel-Festes einer wohllöblichen Buchdrucker-Kunst
=260  \\$aWeimar$bMumbach$c1740
=300  \\$a136 pages$btitle page in red and black ink
=590  \\$adarinnen, nebst der dabey gehaltenen solennen Predigt, andre dahin gehörige Betrachtungen enthalten
=648  \0$a18th Century (1701-1800)$1http://www.wikidata.org/entity/Q7015$920899
=650  \0$aBook$1http://www.wikidata.org/entity/Q571$92285
=650  \0$aPrinting$1http://www.wikidata.org/entity/Q11034$921936
=650  \0$aFestival book$1http://www.wikidata.org/entity/Q17590416$922319
=651  \0$aWeimar (Germany)$1http://www.wikidata.org/entity/Q3955$921645
=653  \0$aboekoplage $377$020138898$wH4-004$929700
=653  \0$aboekprijs$384, 91$020138898$wH4-004$929701
=653  \0$aBreitkopf$3103, 104$020138898$wH4-004$929924
=653  \0$amuziek (algemeen)$3102, 103$020138898$wH4-004$934992
=653  \0$aorganist$3102$020138898$wH4-004$935454
=653  \0$agezangboek$398, 106$020138898$wH4-004$932173
=653  \0$aGuttenberg, J.$3b2, 1, 16, 17, 26, 32, 43, 46-48, 136$020138898$wH4-004$932492
=653  \0$aHamburg$3103$020138898$wH4-004$932524
=653  \\$aCoster, L.$3b2, 41-43, 46-48$020138898$wH4-004$930774
=653  \\$aErnesti, J.G.$357$020138898$wH4-004$931520
=653  \\$aPannier, P.$3102$020138898$wH4-004$935741
=700  \\$4win$aWeber, Johann Georg$d1687-1753$1http://www.wikidata.org/entity/Q1693989$924237
=700  \\$4aut$aReinhard, Lorenz$d1700-1752$1http://www.wikidata.org/entity/Q21544940$924238
=700  \\$4aut$aSchrön, Wolffgang Adolph$d1697-1747$924239
=700  \\$4aut$aScheffel, Conrad Matthias$924256
=700  \\$4aut$aFaselius, Anton Günther$d1649-1727$1http://www.wikidata.org/entity/Q94931761$924254
=856  \\$uhttps://books.google.be/books?id=yNRbAAAAcAAJ&hl=nl&source=gbs_navlinks_s$3Google Books
=942  \\$cBOO
=952  \\$00$10$2ddc$40$6KTS_1_000000000000000_C2_24_H4004$70$8RAR$921567$aORPH$bORPH$cKTS1_C2$d2022-05-23$eKoopman$l0$oKTS1 C2.24 H4-004$p20138898$r2022-05-23 00:00:00$w2022-05-23$yBOO
=999  \\$d20852

