=LDR  02118cjm a2200337 a 4500
=001  20853
=008  870106s1984\\\\gw\mun\\\z\\\\\\\\\\ger\\
=010  \\$a   87750036 
=041  0\$hger
=100  \\$aNiehaus, Manfred$4cmp$4cnd$1http://www.wikidata.org/entity/Q1889740$924228
=245  00$aVokale Musik
=260  \\$aViersen$bAulos$aDüsseldorf$bVertrieb$bSchwann$c1984
=300  \\$aLP, stereo
=500  \\$aTexts in German, except the 1st work in Latin.
=500  \\$aProgram notes in German by the composer with English translation on container.
=505  \\$aVeni Sancte Spiritus : für fünf Stimmen (1955) (Collegium Vocale Köln) -- Landkarte II : Tonbandcollage (1963) mit der Stimme von Marlies Giesen -- Schleifen : Filmmusik (1964) (Alfred Feussner, narrator ; instrumental ensemble ; the composer conducting) -- Kommentar : für fünf Stimmen (1972) / Text von Gertrude Stein (Collegium Vocale Köln) -- Vier Chorsätze nach Texten von Schwester Mechthild : 1979 (Collegium Vocale Köln) -- Sonata per viola sola mit vier Stingstimmen ad libitum (1975/78/81) (Eckart Schloifer, viola ; London Voices)
=650  \0$aVocal music$1http://www.wikidata.org/entity/Q685884$93319
=650  \0$aChoir$1http://www.wikidata.org/entity/Q131186$93338
=650  \0$aFilm$1http://www.wikidata.org/entity/Q11424$921409
=650  \0$aElectronic music$1http://www.wikidata.org/entity/Q9778$922014
=650  \0$aViola$1http://www.wikidata.org/entity/Q80284$921810
=650  \0$aSonata$1http://www.wikidata.org/entity/Q131269$921653
=651  \0$aGermany$1http://www.wikidata.org/entity/Q183$9155
=700  \\$aGiesen, Marlies$4prf$924258
=700  \\$aFeussner, Alfred$d-1969$924259
=700  \\$aSchloifer, Eckart$4prf$924260
=710  \\$aCollegium Vocale Köln$4prf$924261
=710  \\$aLondon Voices (United Kingdom)$4prf$1http://www.wikidata.org/entity/Q9023617$924262
=942  \\$cREC
=952  \\$00$10$2ddc$40$6REC_LP_12_000000000000000_NIEH_1984$70$8REC$921568$aORPH$bORPH$cKM12_2_B$d2022-05-23$l1$oREC LP 12 NIEH 1984$p20138902$q2022-11-17$r2022-05-23 00:00:00$s2022-05-23$w2022-05-23$yREC
=999  \\$d20853

