=LDR  01289cjm a2200289u  4500
=001  20854
=005  20250120120554.0
=008  860714n\\\\\\\\xx\\\\\\\\\\\\000\0\eng\\
=024  \\$a32160158
=041  \\$aeng
=245  02$aA Second Wind for Organ
=260  \\$aNew York$bOdyssey$c1968
=300  \\$aLP, stereo
=490  \\$aMusic of our time
=500  \\$aProgram notes by Richard Teitelbaum (on record cover)
=505  0\$aImprovisation ajoutée, by M. Kagel; For 1, 2, or 3 people, by C. Wolff; Mesa, for cybersonic bandoneon, by G. Mumma
=590  \\$aDavid Tudor Plays New Pieces for Pipes and Reeds
=650  \0$aOrgan music.
=650  \0$aBandoneon music.
=650  \0$aAleatory music.
=700  \\$aKagel, Mauricio$d1931-2008$4cmp$1http://www.wikidata.org/entity/Q178293$916378
=700  \\$aWolff, Christian$d1934-$4cmp$1http://www.wikidata.org/entity/Q658733$98023
=700  \\$aMumma, Gordon$d1935-$4cmp$1http://www.wikidata.org/entity/Q445385$923954
=700  \\$aTudor, David$d1926-1996$4prf$1http://www.wikidata.org/entity/Q1176914$916066
=942  \\$cREC
=952  \\$00$10$2ddc$40$6REC_12_000000000000000_TUDO_1968$70$8REC$921570$aORPH$bORPH$cKM12_2_B$d2022-05-23$l1$oREC 12 TUDO 1968$p20138904$q2022-11-17$r2022-05-23 00:00:00$s2022-05-23$w2022-05-23$yREC
=999  \\$d20854

