=LDR  01204aam a2200241   4500
=001  20857
=008  210609s1782\\\\\\\|||||\||||\00|\0\ger\d
=041  \\$ager
=245  \\$aNeues braunschweigisches Gesangbuch
=246  \1$aM.C.J. - L.M. Anno 1793
=260  \\$aBraunschweig$bMeyer$c1782
=300  \\$a[x]-698-[10]-80 pages$bgilded edges
=500  \\$atext only, book concludes with 'Episteln und Evangelia auf die Sonn- und Festtage durch das ganze Jahr...'
=500  \\$asee also H4-028 for the edition of 1853 or 05F36 for that of 1791
=590  \\$aNebst einem kurzen Gebetsbuche, zum öffentlichen und häuslichen Gottesdienste
=648  \0$a18th Century (1701-1800)$1http://www.wikidata.org/entity/Q7015$920899
=650  \0$aReligion$1http://www.wikidata.org/entity/Q9174$93062
=650  \0$aSong$1http://www.wikidata.org/entity/Q7366$94164
=650  \0$aPrayer$1http://www.wikidata.org/entity/Q40953$921486
=651  \0$aBrunswick (Germany)$1http://www.wikidata.org/entity/Q2773$950
=942  \\$cBOO
=952  \\$00$10$2ddc$40$6KTS_1_000000000000000_C2_24_H4029$70$8RAR$921576$aORPH$bORPH$cKTS1_C2$d2022-05-30$eKoopman$l0$oKTS1 C2.24 H4-029$p20138918$r2022-05-30 00:00:00$w2022-05-30$yBOO
=999  \\$d20857

