=LDR  02621nam a22003257a 4500
=001  21856
=005  20250917104915.0
=008  240105s2022\\\\||||||||\||||\00|\0\eng\d
=020  \\$a9780226818351
=041  \\$aeng
=044  \\$aUS
=100  \\$aBeghin, Tom$1https://orcid.org/0000-0001-7919-8985$4First author$917739
=245  \\$aBeethoven’s French Piano: A Tale of Ambition and Frustration
=246  \1$bDe Franse piano van Beethoven: een verhaal van ambitie en frustratie
=250  \\$a1st ed.
=260  \\$aChicago, IL$bUniversity of Chicago Press$c2022
=300  \\$a384
=366  \\$b2022-07-01
=506  \\$aClosed
=509  \\$aFRIS
=520  \\$a
In 1803 Beethoven acquired a French piano from the Erard Frères workshop in Paris. The composer was “so enchanted with it,” one visitor reported, “that he regards all the pianos made here as rubbish by comparison.” While Beethoven loved its sound, the touch of the French keyboard was much heavier than that of the Viennese pianos he had been used to. Hoping to overcome this drawback, he commissioned a local technician to undertake a series of revisions, with ultimately disappointing results. Beethoven set aside the Erard piano for good in 1810.
 
Beethoven’s French Piano returns the reader to this period of Beethoven’s enthusiasm for all things French. What traces of the Erard’s presence can be found in piano sonatas like his “Waldstein” and “Appassionata”? To answer this question, Tom Beghin worked with a team of historians and musicians to commission the making of an accurate replica of the Erard piano. As both a scholar and a recording artist, Beghin is uniquely positioned to guide us through this key period of Beethoven’s work. Whether buried in archives, investigating the output of the French pianists who so fascinated Beethoven, or seated at the keyboard of his Erard, Beghin thinks and feels his way into the mind of the composer, bringing startling new insights into some of the best-known piano compositions of all time. 
=591  \\$a1
=600  \0$aBeethoven, Ludwig van$d1770-1827$1http://www.wikidata.org/entity/Q255$95335
=600  \0$aÉrard, Sébastien$d1752-1831$1http://www.wikidata.org/entity/Q20721$920934
=610  \0$aDeclassifying the Classics: Rhetoric, Technology, and Performance, 1750-1850$926931
=650  \0$aPiano$1http://www.wikidata.org/entity/Q5994$92127
=650  \0$aArtistic research$1http://www.wikidata.org/entity/Q20827087$921804
=856  \\$3Universal Resource Locator$uhttps://press.uchicago.edu/ucp/books/book/chicago/B/bo138507327.html
=942  \\$cBOO
=999  \\$d21856

