=LDR  01659naa a22002177a 4500
=001  21891
=008  240129s2023\\\\||||||||\||||\00|\0\eng\d
=041  \\$aeng
=100  \\$aŁukawski, Adam$1https://orcid.org/0000-0003-2147-7214$4First Author$926642
=245  \\$aFractal of Periodic Spacetime Sequences as a framework for an interoperable metaverse
=260  \\$aParis$bEuropia Productions$c2023
=366  \\$b2023-06-01
=506  \\$aClosed
=509  \\$aFRIS
=520  \\$aThis paper proposes a new conceptual framework for the creation of an interoperable metaverse seamlessly incorporating AI and blockchain technologies. To achieve this, current issues of interoperability within the discipline’s state-of-the-art are first identified. Next, a new virtual ontology of the interoperable metaverse is proposed, inspired by recent developments in assemblage theory and in specific concepts by Gilles Deleuze, Manuel DeLanda, and Paulo de Assis. In the third and fourth parts of this paper, a new technical solution is presented: a taxonomy of Periodic Spacetime Sequences, devised for practical implementation of a new distributed version control system. This solution could offer an innovative framework for the interoperable metaverse, which could be built using the proposed taxonomy.
=591  \\$aEditorial review
=610  \0$aMetamusicX:Transdisciplinary Encounters in and Beyond Music$926932
=773  \\$g57-74$tComputer & Media Art at the Age of Metaverse and NFT: Proceedings of the 7th Computer Art Congress [CAC.7]$z99791090094581
=856  \\$3Universal Resource Locator$uhttp://europia.org/edition/livres/art/CAC7.htm
=942  \\$cCHA
=999  \\$d21891

