=LDR  02331npm a22002417a 4500
=001  21893
=008  240201s2023\\\\||||||||\m|||\00|\0\eng\d
=041  \\$aeng
=044  \\$aNL
=046  \\$k2023-09-29$l2024-04-26
=100  \\$aŁukawski, Adam$1https://orcid.org/0000-0003-2147-7214$4Creator$926642
=245  \\$aPosthuman Creativity Labs: Artificial Intelligence and Blockchain in Music (Master's Elective Course)
=260  \\$aAmsterdam$bConservatorium van Amsterdam$c2023
=366  \\$b2023-09-29
=506  \\$aClosed
=509  \\$aFRIS
=520  \\$aOne 2-hours-long session per month, 8 sessions in total. Seminar-style lectures and workshops (4 sessions), creative labs for hands-on experimentation (4 sessions). Each instructional session involves theoretical discussion followed by practical hands-on experience, such as composing with AI models or creating music NFTs.

The course delves into key questions such as the enhancement of human creativity through AI, effective techniques for composing music with AI and blockchain, the changing definition of art over the centuries, the significance of decentralized music, and the role and ownership of art in the post-human era. The goal of the course is to equip students with an understanding of how AI and blockchain technologies can augment and redefine the creative processes in music. The course explores the potential of these digital tools in shaping post-human artistic practices and helps participants grasp the evolving paradigms of art creation.

In the 2023-2024 period, students signing up for either "Posthuman Creativity Labs: Artificial Intelligence and Blockchain in Music" course, or "Technological Strategies in Composing and Performing" taught by Arnold Marinissen, were enrolled for a joint course consisting of both of these complementary courses, together consisting of 16 integrated sessions.
=591  \\$a0
=610  \0$aMetamusicX:Transdisciplinary Encounters in and Beyond Music$926932
=710  \\$aConservatorium van Amsterdam (Netherlands)$1http://www.wikidata.org/entity/Q1127380
=856  \\$3Universal Resource Locator$uhttps://www.conservatoriumvanamsterdam.nl/en/study/classical-music/study-programmes/masters-degree-programme/electives/posthuman-creativity-labs-artificial-intelligence-and-blockchain-in-music/
=942  \\$cNWO
=999  \\$d21893

