=LDR  02034ngm a22002537a 4500
=001  21895
=008  240201s2023\\\\||||||||\m|||\00|\0\eng\d
=041  \\$aeng
=044  \\$aBE
=046  \\$k2024-02-26$l2024-02-26
=100  \\$aBeghin, Tom$1https://orcid.org/0000-0001-7919-8985$4Creator$917739
=111  \\$aOrpheus Historical Piano Summer Academy 2023$cOrpheus Instituut, Ghent, Belgium$gWorkshop
=245  \\$aMit veränderten Reprisen: The Practice of Varying Repeats
=260  \\$aOrpheus Instituut, Ghent, Belgium$bTom Beghin$c2023
=366  \\$b2024-02-26
=506  \\$aopen
=509  \\$aFRIS
=520  \\$aFilm documentary, 43 minutes, in English, German, and French, with English subtitles. Featuring Tom Beghin, Juliane Brandes, Benjamin Steens, Christophe Alvarez, Olha Dotsenko, Andrei Hadap, Wei Lee, Otto Popescu, and Tomasz Ritter. In the summer of 2023, a workshop was held at the Orpheus Institute, Ghent, Belgium, around the practice of varying repeats. Six young keyboardists from around the world gathered around the clavichord and fortepiano to familiarize themselves with CPE Bach’s unique opus of “Sonatas with Varied Reprises” (1760) as well as Mozart’s six early keyboard sonatas, K. 279–284 (1774–75). As today’s performers of classical keyboard sonatas, what happens when we submit ourselves to a once lively expectation of continuous variation? How do we navigate the materiality of a printed score? What are the limits of “writing in” our variants and at what point do we feel like starting over—indeed, creating a new edition altogether? The film follows participants and coaches as they look for answers to these questions, reflecting on their experience during a ten-day experiment of embellishment, variation, and “improvisation.”
=591  \\$a0
=610  \0$aDeclassifying the Classics: Rhetoric, Technology, and Performance, 1750-1850$926931
=700  \\$4prf
=856  \\$3Universal Resource Locator$uhttps://www.youtube.com/watch?v=G0a6dOEOeV8
=942  \\$cNWO
=999  \\$d21895

