=LDR  02504npm a22002657a 4500
=001  21897
=008  240201s2023\\\\||||||||\m|||\00|\0\eng\d
=041  \\$aeng
=044  \\$aBE
=046  \\$k2023-12-18$l2023-12-18
=100  \\$aŁukawski, Adam$1https://orcid.org/0000-0003-2147-7214$4Creator$926642
=111  \\$aMusic, AI and Blockchain: Decentralized Creativity and Posthuman Agency (doctoral focus session)$cOrpheus Instituut, Gent$dDecember 18-19, 2023$gPresentation
=245  \\$aBlockchain for the arts, music and artistic research
=260  \\$aGhent$bOrpheus Instituut$c2023
=366  \\$b2023-12-18
=506  \\$aClosed
=509  \\$aFRIS
=520  \\$aThe goal of this focus session was to equip participants with an understanding of how AI and blockchain technologies are changing society, and how they can augment and redefine creative processes in music. The session explored the potential of several digital tools for posthuman creative practices, providing insights into emergent modes of artistic creation. More specifically, the session addressed topics such as the enhancement of human creativity through AI, effective techniques for investigating music with AI and blockchain, the significance of concepts such as decentralized creativity, posthuman music, hypermusic, Music 2.0, and the role and ownership of art in the posthuman era. Meetings involved theoretical discussions and practical hands-on experience, such as examples of composing with AI models or creating music NFTs.

The lecture "Blockchain for the arts, music and artistic research" introduced blockchain technology as a new medium and artistic tool in the context of artistic research. It introduced topics such as decentralisation, the technicalities of blockchain technology, various types of blockchain, Non-fungible tokens (NFTs), Decentralised Autonomous Organisations, Generative Music NFTs, the concept of on-chain purity and the concept of Decentralised Creative Networks.
=591  \\$a0
=610  \0$aMetamusicX:Transdisciplinary Encounters in and Beyond Music$926932
=710  \\$aOrpheus Instituut (Ghent, Belgium)$1http://www.wikidata.org/entity/Q2289519$1https://ror.org/02c191v59$1https://isni.org/isni/0000000122616947
=773  \\$tMusic, AI and Blockchain: Decentralized Creativity and Posthuman Agency (doctoral focus session)
=856  \\$3Universal Resource Locator$uhttps://docs.google.com/forms/d/e/1FAIpQLSfW-MOcEfhA1iibX4jTnCAOSsKN-BSdV7q0g1KE5PlTOVzotA/viewform
=942  \\$cNWO
=999  \\$d21897

