=LDR  01906npm a22002417a 4500
=001  21900
=008  240201s2023\\\\||||||||\m|||\00|\0\eng\d
=044  \\$aBE
=046  \\$k2023-12-18$l2023-12-19
=100  \\$aŁukawski, Adam$1https://orcid.org/0000-0003-2147-7214$4Creator$926642
=245  \\$aDoctoral Focus Session: Music, AI and Blockchain: Decentralized Creativity and Posthuman Agency
=260  \\$aGhent$bMetamusicX research cluster, Orpheus Instituut, Ghent$c2023
=366  \\$b2023-12-18
=506  \\$aopen
=509  \\$aFRIS
=520  \\$aThe goal of this focus session was to equip participants with an understanding of how AI and blockchain technologies are changing society, and how they can augment and redefine creative processes in music. The session explored the potential of several digital tools for posthuman creative practices, providing insights into emergent modes of artistic creation. More specifically, the session addressed topics such as the enhancement of human creativity through AI, effective techniques for investigating music with AI and blockchain, the significance of concepts such as decentralized creativity, posthuman music, hypermusic, Music 2.0, and the role and ownership of art in the posthuman era. Meetings involved theoretical discussions and practical hands-on experience, such as examples of composing with AI models or creating music NFTs. 
=591  \\$aEditorial review
=610  \0$aMetamusicX:Transdisciplinary Encounters in and Beyond Music$926932
=700  \\$aAssis, Paulo de$1https://orcid.org/0000-0001-6238-1417$4orm$916044
=710  \\$aOrpheus Instituut (Ghent, Belgium)$1http://www.wikidata.org/entity/Q2289519$1https://ror.org/02c191v59$1https://isni.org/isni/0000000122616947
=856  \\$3Universal Resource Locator$uhttps://docs.google.com/forms/d/e/1FAIpQLSfW-MOcEfhA1iibX4jTnCAOSsKN-BSdV7q0g1KE5PlTOVzotA/viewform
=942  \\$cNWO
=999  \\$d21900

