=LDR  01366naa a22002297a 4500
=001  21902
=008  240129s2023\\\\||||||||\||||\00|\0\eng\d
=041  \\$apol
=100  \\$aŁukawski, Adam$1https://orcid.org/0000-0003-2147-7214$4First Author$926642
=245  \\$aO kreatywności generatywnej sztucznej inteligencji
=246  \1$aOn the Creativity of Generative Artificial Intelligence
=260  \\$aWarsaw$bInstytut Badań Edukacyjnych (Educational Research Institute)$c2023
=366  \\$b2023-11-23
=506  \\$aopen
=509  \\$aFRIS
=520  \\$aCan artificial intelligence be creative? The topic of artificial intelligence’s creativity is recently a subject of intense debates and analyses. However, it is important to distinguish between creativity resulting from true innovation and creativity that is the result of processing and reconfiguring existing data. This raises the question: is AI truly creative, or does it merely imitate human creativity using advanced algorithms?
=591  \\$aEditorial review
=610  \0$aMetamusicX:Transdisciplinary Encounters in and Beyond Music$926932
=773  \\$g8-20$tDo czego AI nie służy. Przewodnik dla nauczycieli stworzony przez grupę roboczą ds. AI$zXXXXXXXXXXXXX
=856  \\$3Universal Resource Locator$uhttps://ibe.edu.pl/images/Przewodnik_Do_czego_AI_nie_s%C5%82u%C5%BCy.pdf
=942  \\$cCHA
=999  \\$d21902

