=LDR  05164naa a22003257a 4500
=001  21909
=005  20251021133854.0
=008  240129s2023\\\\|||og|||\||||\00|\0\dut\d
=041  \\$adut
=100  \\$aForment, Bruno$d1978-$1https://orcid.org/0000-0002-0157-5485$4First Author$920844
=245  \\$aPrinses Zonneschijn: ontstaan, analyse en weerklank van een totaalkunstwerk
=246  \1$aPrinses Zonneschijn: Origins, Analysis, and Resonance of a Work of Total Art
=260  \\$aBrussels$bASP Editions$c2023
=366  \\$b2023-04-28
=506  \\$aopen
=509  \\$aFRIS
=520  \\$aThose who would like to gain an unbiased idea of Gilson’s skills as operatic composer are out of luck: to date, there does not exist a decent, commercially available recording of Prinses Zonneschijn (‘Princess Sunshine’), the composer’s acknowledged masterpiece in the genre. For want of more reliable auditive sources, one has to content oneself with two incomplete radio recordings from the VRT archives: one of the first act from 1965, conducted by Daniel Sternefeld and supplemented with a disturbing voice-over; and a live recording of a performance with cuts from 1983. A decent edition of the orchestral score might bring solace, but this is not available either; Gilson’s autograph has disappeared without a trace. Fortunately, the library of the Opera Ballet Vlaanderen preserves a series of hitherto ignored treasures: a vocal score in Gilson’s hand; an orchestral score produced by a copyist and annotated in various hands; a complete set of orchestral parts; an annotated libretto with stage directions; and a Repetiteur, being a vocal score in Gilson’s hand with stage directions by the librettist, Pol de Mont.
	In this essay, we use these and other sources, such as correspondence, iconographic material, archival records and reviews, as raw materials for an archaeological study of Gilson’s opera. Without offering definitive answers to the question whether or not Prinses Zonneschijn constitutes a forgotten masterpiece or an overblown artefact of the Flemish movement, we consider the piece as a multidisciplinary work of art that was produced by different operators: in addition to the composer and librettist, a widely branched, dynamic and anything but unanimous network of directors, set designers, performers, patrons, critics, ... Rereading all these voices and driving forces leads to fresh insights into the underlying stylistic choices of De Mont and Gilson. It also allows us to recognise different layers of meaning in a rich soil of evidence. 
A first layer pertains to the opera’s genesis: the historical antecedents of De Mont’s libretto and Gilson’s score, both of which are rich in intertextualisms. In the period preceding the creation, De Mont made his way from student environments to the first plan of the Flemish movement. He did pioneering work in folklore, created a fiercely appreciated poetic oeuvre, turned out to be a pangermanist, occasional director and art historian, and was also a driving force in the establishment of the Vlaamse Opera. Prinses Zonneschijn was therefore De Mont’s project in the first place, and Gilson’s to a much lesser extent. The composer, however, coloured De Mont’s story with such an idiosyncratic musical idiom that Prinses Zonneschijn gradually became his opera. 
Between the Antwerp creation, the French-language production at La Monnaie and the renewed production at the recently completed Vlaamse Opera, the characters of De Mont and Gilson were not only increasingly placed on an equal footing; their artistic collaboration was also enriched in an essential way by the insights of other artists, such as the set designer Albert Dubosq. In that short period, the Princess grew into a symbolist Gesamtkunstwerk, which today can be documented by means of (annotated) libretti, scores, staging manuals, and photographs. 
The genetic and performative layers generated the sediment for the third layer, laid down between 1907 and 1983: the period in which a flawless, audiovisual fairy tale generated significant resonance, but gradually deteriorated into a vague memory of Flamingantism. Unable to withstand modern opera insights, the Princess silently disappeared from the repertoire, waiting for a new awakening.

=591  \\$a1
=600  \0$aGilson, Paul$d1865-1942$1http://www.wikidata.org/entity/Q958774$918174
=610  \0$aResounding Libraries: Unfolding Archived Knowledge Through Artistic Research $926404
=650  \0$aOpera$1http://www.wikidata.org/entity/Q1344 $92468
=650  \0$aFairy tale$1http://www.wikidata.org/entity/Q699$94594
=650  \0$aMusic history$1http://www.wikidata.org/entity/Q846047$921373
=650  \0$aMusical analysis$1http://www.wikidata.org/entity/Q1544924$92775
=650  \0$aStaging$1http://www.wikidata.org/entity/Q3508687$922118
=700  \\$aBertels, Kurt$1https://orcid.org/0000-0002-9513-409X$927299$4Editor
=773  \\$g223-264$tPaul Gilson: een Brusselse componist van de wereld$z9789461173973
=856  \\$3Universal Resource Locator$uhttps://library.oapen.org/handle/20.500.12657/61185
=942  \\$cCHA
=999  \\$d21909

