=LDR  01059nam a22002777a 4500
=001  21910
=005  20251021133854.0
=008  240201s2023\\\\||||||||\l|||\00|\0\eng\d
=041  \\$aeng
=044  \\$aNL
=046  \\$k2023-02-11
=100  \\$aForment, Bruno$d1978-$1https://orcid.org/0000-0002-0157-5485$4Creator$920844
=111  \\$aKoninklijke Vereniging voor Nederlandse Muziekgeschiedenis$cUtrecht$d11 February 2023$gConference
=245  \\$aThe Undisciplined Prism: Apperceptions of Artistic Research at Orpheus Instituut
=246  \1$bHet ongedisciplineerde prisma: indrukken van artistiek onderzoek aan Orpheus Instituut
=260  \\$aUtrecht$bKVNM$c2023
=366  \\$b2023-02-11
=500  \\$aLecture
=506  \\$aClosed
=509  \\$aFRIS
=591  \\$a0
=610  \0$aResounding Libraries: Unfolding Archived Knowledge Through Artistic Research $926404
=650  \0$aArtistic research$1http://www.wikidata.org/entity/Q20827087$921804
=856  \\$3Universal Resource Locator$uhttps://www.kvnm.nl/nieuws/155-jaar-kvnm
=942  \\$cNWO
=999  \\$d21910

