=LDR  01221nam a22002897a 4500
=001  21911
=005  20251021133854.0
=008  240201s2023\\\\||||||||\||||\00|\0\eng\d
=041  \\$afre
=044  \\$aFR
=046  \\$k2023-06-24
=100  \\$aForment, Bruno$d1978-$1https://orcid.org/0000-0002-0157-5485$4Creator$920844
=111  \\$a1er Colloque International des orchestres sur instruments d’époque$cLa Seine Musicale, Paris$d24 June 2023$gConference
=245  \\$aLes Centres de ressources et l’Europe
=260  \\$aParis$bLa Seine Musicale; Insula Orchestra$c2023
=366  \\$b2023-06-24
=506  \\$aopen
=509  \\$aFRIS
=591  \\$a0
=600  \0$aKoopman, Ton$d1944-$1https://orcid.org/0009-0005-0297-0216$1http://www.wikidata.org/entity/Q445121$910491
=610  \0$aResounding Libraries: Unfolding Archived Knowledge Through Artistic Research $926404
=650  \0$aEarly music$1http://www.wikidata.org/entity/Q436016$93160
=650  \0$aLibrary$1http://www.wikidata.org/entity/Q7075$94229
=773  \\$t1er Colloque International des orchestres sur instruments d’époque
=856  \\$3Universal Resource Locator$uhttps://www.youtube.com/watch?v=2wCs0Hu3t6Q&t=17243s
=942  \\$cNWO
=999  \\$d21911

