=LDR  01503nam a22003257a 4500
=001  21912
=005  20251021133854.0
=008  240201s2023\\\\||||||||\||||\00|\0\eng\d
=041  \\$adut
=044  \\$aBE
=046  \\$k2023-05-25
=100  \\$aForment, Bruno$d1978-$1https://orcid.org/0000-0002-0157-5485$4Creator$920844
=111  \\$aTHALIA Studienamiddag$cGhent$d25 May 2023
=245  \\$aDe Ton Koopmancollectie als transdisciplinaire en -historische speeltuin voor muziek- en theaterwetenschappelijk onderzoek in digitale tijden
=246  \1$aThe Ton Koopman Collection as a transdisciplinary and -historical playground for music and theater studies research in digital times
=260  \\$aGhent$bTHALIA$c2023
=366  \\$b2023-05-25
=506  \\$aClosed
=509  \\$aFRIS
=591  \\$a0
=600  \0$aKoopman, Ton$d1944-$1https://orcid.org/0009-0005-0297-0216$1http://www.wikidata.org/entity/Q445121$910491
=610  \0$aResounding Libraries: Unfolding Archived Knowledge Through Artistic Research $926404
=650  \0$aLibrary$1http://www.wikidata.org/entity/Q7075$94229
=650  \0$aInterdisciplinarity$1http://www.wikidata.org/entity/Q849359$927077
=650  \0$aMusicology$1http://www.wikidata.org/entity/Q164204$93925
=650  \0$aTheater history$1http://www.wikidata.org/entity/Q1061140$94607
=773  \\$tTHALIA - - Interplay of Theatre, Literature & Media in Performance
=856  \\$3Universal Resource Locator$uhttps://aogthalia.wordpress.com/
=942  \\$cNWO
=999  \\$d21912

