=LDR  01389nam a22003257a 4500
=001  21913
=005  20251021133854.0
=008  240201s2023\\\\||||||||\||||\00|\0\eng\d
=041  \\$adut
=044  \\$aBE
=046  \\$k2023-11-13
=100  \\$aForment, Bruno$d1978-$1https://orcid.org/0000-0002-0157-5485$4Creator$920844
=111  \\$aKoha-gebruikersdag$cBreda University of Applied Sciences$d13 November 2023$gDemonstration
=245  \\$aEen open-source plug-in voor het geautomatiseerd binnenhalen van LOD URIs in bibliografische records
=246  \1$aAn open-source plug-in for automated retrieval of LOD URIs in bibliographic records
=260  \\$aBreda$bBreda University of Applied Sciences$c2023
=366  \\$b2023-11-13
=506  \\$aClosed
=509  \\$aFRIS
=591  \\$a0
=610  \0$aResounding Libraries: Unfolding Archived Knowledge Through Artistic Research $926404
=650  \0$aLibrary$1http://www.wikidata.org/entity/Q7075$94229
=650  \0$aCatalogue$1http://www.wikidata.org/entity/Q2352616$921484
=650  \0$aComputer science$1http://www.wikidata.org/entity/Q21198$92375
=650  \0$aLinked Open Data$1http://www.wikidata.org/entity/Q18692990$927300
=650  \0$aSemantic Web$1http://www.wikidata.org/entity/Q54837$927301
=773  \\$tKoha-gebruikersdag
=856  \\$3Universal Resource Locator$uhttps://kohagebruikers.nl/
=942  \\$cNWO
=999  \\$d21913

