=LDR  01097ngm a22003137a 4500
=001  21914
=005  20251021133854.0
=008  240201s2023\\\\||||||||\||||\\0|\0\eng\d
=041  \\$adut
=044  \\$aBE
=046  \\$k2023-06-28
=100  \\$aForment, Bruno$d1978-$1https://orcid.org/0000-0002-0157-5485$4Creator$920844
=111  \\$aVintage Materialities in Music$cOrpheus Instituut, Ghent$d28 June 2023$gConference
=245  \\$aWiedergutmachungsdrang
=246  \1$bWiedergutmachungsdrang
=260  \\$aGhent$bOrpheus Instituut$c2023
=366  \\$b2023-06-28
=506  \\$aopen
=509  \\$aFRIS
=520  \\$aAudiovisual work
=591  \\$a1
=610  \0$aResounding Libraries: Unfolding Archived Knowledge Through Artistic Research $926404
=650  \0$aFilm$1http://www.wikidata.org/entity/Q11424$921409
=650  \0$aElectronic music$1http://www.wikidata.org/entity/Q9778$922014
=710  \\$aThe Cabinet (Ghent, Belgium)
=773  \\$tVintage Materialities in Music
=856  \\$3Universal Resource Locator$uhttps://www.youtube.com/watch?v=TwNEwVlVuOc
=942  \\$cNWO
=999  \\$d21914

