=LDR  03085nam a22003617a 4500
=001  21916
=005  20251021133854.0
=008  240201s2023\\\\||||||||\||||\10|\0\eng\d
=041  \\$aeng
=044  \\$aBE
=046  \\$k2023-06-28$l2023-06-30
=100  \\$aForment, Bruno$d1978-$1https://orcid.org/0000-0002-0157-5485$4Creator$920844
=111  \\$aVintage Materialities in Music$cOrpheus Instituut, Ghent$d28-30 June 2023$gDemonstration
=245  \\$aVintage Materialities in Music
=260  \\$aGhent$bOrpheus Instituut; KCB; LUCA School of Arts$c2023
=366  \\$b2023-06-28
=506  \\$aClosed
=509  \\$aFRIS
=520  \\$aOnce a term from winemaking and a synonym of high quality, now a standard epithet of any object that is sought after on account of its rarity, unicity, or antiquity, ‘vintage’ has sparked (sub)cultures, industries, and communities. In music, vintage refers mostly to instruments or apparatuses that, after a period of obsolescence, are being rediscovered, revalued, reproduced, or revamped—electric guitars, effects pedals, analogue synthesisers, drum machines, amplifiers, recording equipment, sound carriers, etc. The scope, appeal, and user groups of vintage gear are becoming wider by the day. Aesthetically speaking, vintage materialities are defining the sound and look of multiple styles of music, just as harpsichords, gut-stringed violins, and valveless trumpets are characterising ‘early music.’ However, vintage materialities in music transcend issues of historically informed performance, and they confront artists and scholars with unanswered questions: On what grounds can obsolete technologies for music production and performance become desirable again in an era of high-tech, across different genres, and in both the professional and amateur spheres? In what ways do vintage materialities and their technical affordances mediate or challenge present-day creative and performative practices? How do vintage materialities respond to cultures, discourses, politics, and economies of, among others, retro style, nostalgia, afro- and retrofuturism, and lo-fi?
=591  \\$a1
=610  \0$aResounding Libraries: Unfolding Archived Knowledge Through Artistic Research $926404
=610  \0$aHIPEX: Historical Performance Practices of Experimental Music$926935
=610  \0$aMusic, Thought and Technology$926934
=650  \0$aOrganology$1http://www.wikidata.org/entity/Q899293$921400
=650  \0$aAntiquarianism$1http://www.wikidata.org/entity/Q56418598$93233
=700  \\$aVaes, Luk$1https://orcid.org/0000-0001-5493-6494$4edt$917277
=700  \\$aParra Cancino, Juan$1https://orcid.org/0000-0002-9793-6539$4edt$916990
=710  \\$aKoninklijk Conservatorium Brussel (Belgium)$1http://www.wikidata.org/entity/Q111966973
=710  \\$aLUCA School of Arts (Leuven and Ghent, Belgium)$1http://www.wikidata.org/entity/Q1623380
=773  \\$tVintage Materialities in Music
=856  \\$3Universal Resource Locator$uhttps://orpheusinstituut.be/nl/nieuws-en-events/vintage-materialities-in-music
=942  \\$cNWO
=999  \\$d21916

