=LDR  02059njm a22002897a 4500
=001  21927
=008  240201s2023\\\\||||||||\||||\00|\0\eng\d
=041  \\$aeng
=044  \\$aBE
=046  \\$k2024-01-12
=100  \\$aMontebugnoli, Luca$1https://orcid.org/0000-0002-3822-016X$4Creator$925649$eFortepiano
=245  \\$aEROICA / ERARD
=260  \\$aGhent$bOrpheus Insituut$c2024
=366  \\$b2024-01-12
=506  \\$aopen
=509  \\$aFRIS
=520  \\$aVideo recording of the album "EROICA / ERARD"

Abstract:
October 1803: On hearing Beethoven play the Eroica symphony on his new Erard Frères piano, a witness remarked, “Heaven and Earth must shake at its performance.” Inspired by this historical scene, Luca Montebugnoli has created a new arrangement of the symphony tailored to a unique replica of Beethoven’s Erard. By delivering a novel interpretation of an iconic work, Montebugnoli revives the neglected art of piano arrangement, while also exploring the full potential of what was in Beethoven’s life a revolutionary instrument.

Program:
- Joseph Haydn, Die Schöpfung, Hob. XXI:2, Einleitung: Die Vorstellung des Chaos, Largo, arranged by Daniel Steibelt
- Ludwig van Beethoven, Symphony No. 3 in E-flat major, op. 55, “Eroica”, arranged by Luca Montebugnoli

Instrument:
Replica of Beethoven’s Erard Frères piano en forme de clavecin (Paris, 1803), by Chris Maene (Ruiselede, 2016)
=591  \\$a0
=600  \0$aBeethoven, Ludwig van$d1770-1827$1http://www.wikidata.org/entity/Q255$95335
=610  \0$aDeclassifying the Classics: Rhetoric, Technology, and Performance, 1750-1850$926931
=650  \0$aArrangement$1http://www.wikidata.org/entity/Q379755$94282
=650  \0$aHistorically informed performance$1http://www.wikidata.org/entity/Q1344860$920980
=650  \0$aPiano$1http://www.wikidata.org/entity/Q5994$92127
=700  \\$aBeghin, Tom$1https://orcid.org/0000-0001-7919-8985$4pro$917739
=856  \\$3Universal Resource Locator$uhttps://orpheusinstituut.be/en/beethovenerard/cd-eroica-erard
=942  \\$cNWO
=999  \\$d21927

