=LDR  01700njm a22002657a 4500
=001  21928
=008  240201s2023\\\\||||||||\||||\00|\0\eng\d
=046  \\$k2024-04-18$l2024-04-20
=100  \\$aFusi, Marco$1https://orcid.org/0009-0000-8946-5178$1http://www.wikidata.org/entity/Q84819313$4Creator$eviolin, viola d'amore, feedbox$923809
=111  \\$cBing Studio, Stanford University
=245  \\$aNostalgica utopica futura / Luigi Nono at Stanford
=260  \\$aStanford, CA (US)$bCenter for Computer Research in Music and Acoustics, Stanford University$c2024
=366  \\$b2024-04-20
=506  \\$aopen
=509  \\$aFRIS
=520  \\$aIn a special performance at Stanford University, Luigi Nono's La lontananza nostalgica utopica futura will be presented by violinist Marco Fusi and Patricia Alessandrini, who will perform the electronics. They will also perform their own homage to Nono, in the form of a brief improvised prelude, entitled Proximity, distance. This performance and its prelude were developed during a residency at the Curtis R. Priem Experimental Media and Performing Arts Center (EMPAC). 
=591  \\$a0
=600  \0$aNono, Luigi$d1924-1990$1http://www.wikidata.org/entity/Q160451$917010
=610  \0$aHIPEX: Historical Performance Practices of Experimental Music$926935
=650  \0$aElectronic music$1http://www.wikidata.org/entity/Q9778$922014
=700  \\$aFusi, Marco$1https://orcid.org/0009-0000-8946-5178$1http://www.wikidata.org/entity/Q84819313$923809
=773  \\$tCenter for Computer Research in Music and Acoustics 50 years Celebrations
=856  \\$3Universal Resource Locator$uhttps://ccrma.stanford.edu/events/nostalgica-utopica-futura
=942  \\$cNWO
=999  \\$d21928

