=LDR  01513nab a22002297a 4500
=001  21929
=008  240129s2023\\\\||||||||\||||\00|\0\eng\d
=041  \\$aeng
=100  \\$aFusi, Marco$1https://orcid.org/0009-0000-8946-5178$1http://www.wikidata.org/entity/Q84819313$4First Author$923809
=245  \\$aA Fragility, which Connects: Music as a Social Encounter
=366  \\$b2023-12-01
=506  \\$aopen
=509  \\$aFRIS
=520  \\$aThe following is a discussion between Charlie Sdraulig, Marco Fusi, Winnie Huang, and Gwen Rouger made during April of 2023. Charlie Sdraulig’s work one to one is an intimately staged sequence of three performances, each for one performer and one audience member at a time, comprising: one to one (2018-19) for vocalising violinist and audient for Marco Fusi, tend (2019) for gesturing, vocalising performer and audient for Winnie Huang, and enfold (2019-20) for pianist on an amplified, old upright, and audient for Gwen Rouger. The discussion relates the project’s origins, collaborative workshops, interactive performance experiences, and more.
=591  \\$aEditorial review
=600  \0$aSdraulig, Charlie$939579
=610  \0$aHIPEX: Historical Performance Practices of Experimental Music$926935
=650  \0$aPerformance art$1http://www.wikidata.org/entity/Q213156$922164
=773  \\$g8, 8, 13-30$tCeReNeM Journal$xna
=856  \\$3Universal Resource Locator$uhttps://cerenempostgraduates.files.wordpress.com/2023/12/cerenemjournal-issue8.pdf
=942  \\$cART
=999  \\$d21929

