=LDR  01998nam a22002897a 4500
=001  21931
=008  240201s2023\\\\||||||||\||||\00|\0\eng\d
=041  \\$aeng
=044  \\$aBE
=046  \\$k2023-07-04$l2023-07-13
=100  \\$aMontebugnoli, Luca$1https://orcid.org/0000-0002-3822-016X$4Creator$925649
=111  \\$aHistorical Piano Summer Academy 2023$cGhent, Belgium
=245  \\$aArranging and Performing Beethoven’s “Bonaparte” Symphony on his Erard piano
=260  \\$aGhent, Belgium$bOrpheus Instituut$c2023
=366  \\$b2023-07-09
=506  \\$aopen
=509  \\$aFRIS
=520  \\$aLecture at Oprheus Insituut's Third Historical Piano Summer Academy: "Luca Montebugnoli will present his arrangement of Beethoven’s Third Symphony Op. 55 (“Bonaparte,” later “Eroica”), which he specifically designed for Oprheus Instiuut replica of Beethoven’s 1803 Erard Frères piano, as part of his PhD-research on the practice of arrangement in the early 19th century. Beethoven was in the final stages of composing the work as he received the piano. By exploiting its sound qualities and unique registers, the arrangement aim to reconstruct the effect that Ferdinand Ries was enthusiastic about, when upon a performance by Beethoven (almost certainly) on his newly received French piano, he predicted in a letter of October 22, 1803, that 'heaven and earth will shake at its performance.'"
=591  \\$a0
=600  \0$aBeethoven, Ludwig van$d1770-1827$1http://www.wikidata.org/entity/Q255$95335
=610  \0$aDeclassifying the Classics: Rhetoric, Technology, and Performance, 1750-1850$926931
=650  \0$aArrangement$1http://www.wikidata.org/entity/Q379755$94282
=650  \0$aHistorically informed performance$1http://www.wikidata.org/entity/Q1344860$920980
=650  \0$aPiano$1http://www.wikidata.org/entity/Q5994$92127
=856  \\$3Universal Resource Locator$uhttps://orpheusinstituut.be/en/news-and-events/historical-piano-summer-academy-2023
=942  \\$cNWO
=999  \\$d21931

