=LDR  02363nam a22003137a 4500
=001  21932
=008  240201s2024\\\\||||||||\||||\00|\0\eng\d
=041  \\$aeng
=044  \\$aBE
=046  \\$k2024-02-05$l2024-02-07
=100  \\$aMontebugnoli, Luca$1https://orcid.org/0000-0002-3822-016X$4Creator$925649
=111  \\$aOrpheus Instituut General Assembly $cGhent, Belgium
=245  \\$aArranging the orchestra on early nineteenth-century fortepianos: the cases of Haydn’s “Die Vorstellung der Chaos” and Beethoven’s “Eroica”
=260  \\$aGhent, Belgium$bOrpheus Instituut$c2024
=366  \\$b2024-02-05
=506  \\$aopen
=509  \\$aFRIS
=520  \\$aLecture at Orpheus Instituut General Assembly: "How did the arranging practice operate in the nineteenth century musical ecosystem? Which were the concrete tools of such a practice? How can this professional practice be reintroduced in the context of modern musical concert activity? And what the historically informed performance of orchestral music on early-ninetheenth century fortepianos can teach us about the pianism of the time? Luca Montebugnoli will address these questions by presenting two projects of his doctoral research on piano arrangement at the beginning of the ninetennth century. First, he will share the results of a comparative analysis carried out on five historical arrangements of Haydn’s “Die Vorstellung der Chaos” from the oratorio Die Schöpfung, Hob. XXI:2. He will then present his arrangement of Beethoven’s Third Symphony Op. 55 (“Bonaparte,” later “Eroica”), which he specifically designed for a replica of Beethoven’s 1803 Erard Frères piano."
=591  \\$a0
=600  \0$aBeethoven, Ludwig van$d1770-1827$1http://www.wikidata.org/entity/Q255$95335
=600  \0$aHaydn, Joseph$d1732-1809$1http://www.wikidata.org/entity/Q7349$94783
=610  \0$aDeclassifying the Classics: Rhetoric, Technology, and Performance, 1750-1850$926931
=650  \0$aArrangement$1http://www.wikidata.org/entity/Q379755$94282
=650  \0$aHistorically informed performance$1http://www.wikidata.org/entity/Q1344860$920980
=650  \0$aPiano$1http://www.wikidata.org/entity/Q5994$92127
=773  \\$tOrpheus Insituut General Assembly
=856  \\$3Universal Resource Locator$uhttps://orpheusinstituut.be/en/orpheus-research-centre
=942  \\$cNWO
=999  \\$d21932

