=LDR  02162nam a22003017a 4500
=001  21933
=008  240201s2024\\\\||||||||\||||\00|\0\eng\d
=041  \\$afre
=044  \\$aFR
=046  \\$k2024-01-12
=100  \\$aMontebugnoli, Luca$1https://orcid.org/0000-0002-3822-016X$4Creator$925649
=111  \\$aJournée Doctorale des CNSMD Paris et Lyon$cConservatoire Nationale Supérieur de Musique et Danse de Paris $d01/12/2024$gPresentation
=245  \\$aLa pratique de l’arrangement pour piano au début du XIXe siècle : modes et enjeux d’une redécouverte
=246  \1$aThe practice of piano arrangement in the early nineteenth century: methods and challenges of its rediscovery
=260  \\$aParis $bConservatoire National Supérieur de Musique et Danse de Paris; Conservatoire National Supérieur de Musique et Danse de Lyon$c2024
=366  \\$b2024-01-12
=506  \\$aopen
=509  \\$aFRIS
=520  \\$aHow did the arranging practice operate in the nineteenth century musical ecosystem? Which were the concrete tools of such a practice? How can this professional practice be reintroduced in the context of modern musical concert activity? And what the historically informed performance of orchestral music on early-ninetheenth century fortepianos can teach us about the pianism of the time? Luca Montebugnoli will address these questions by presenting his arrangement of Beethoven’s Third Symphony Op. 55 (“Bonaparte,” later “Eroica”), which he specifically designed for Orpheus Instituut's replica of Beethoven’s 1803 Erard Frères piano.
=591  \\$a0
=600  \0$aBeethoven, Ludwig van$d1770-1827$1http://www.wikidata.org/entity/Q255$95335
=610  \0$aDeclassifying the Classics: Rhetoric, Technology, and Performance, 1750-1850$926931
=650  \0$aArrangement$1http://www.wikidata.org/entity/Q379755$94282
=650  \0$aHistorically informed performance$1http://www.wikidata.org/entity/Q1344860$920980
=650  \0$aPiano$1http://www.wikidata.org/entity/Q5994$92127
=856  \\$3Universal Resource Locator$uhttps://www.conservatoiredeparis.fr/fr/saison-20232024/journees-detudes-doctorales-1
=942  \\$cNWO
=999  \\$d21933

