=LDR  00601nam a22002057a 4500
=001  21938
=008  240201s2023\\\\||||||||\||||\00|\0\eng\d
=041  \\$aeng
=044  \\$aNO
=100  \\$aVaes, Luk$1https://orcid.org/0000-0001-5493-6494$4aut$917277
=245  \\$aARTISTIC RESEARCH! WHERE ARE WE TODAY?
=260  \\$c2023
=366  \\$b2023-01-01
=506  \\$aopen
=509  \\$aFRIS
=591  \\$a1
=610  \0$aHIPEX: Historical Performance Practices of Experimental Music$926935
=856  \\$3Universal Resource Locator$uhttps://www.musicandpractice.org/enquete-vol-10-vaes/
=942  \\$cONL
=999  \\$d21938

