=LDR  00710njm a22002057a 4500
=001  21961
=008  240201s2023\\\\||||||||\||||\00|\0\eng\d
=044  \\$aBE
=100  \\$aVaes, Luk$1https://orcid.org/0000-0001-5493-6494$4Creator$917277
=245  \\$aGiacinto Scelsi: Manto (1957?) for singing viola
=260  \\$c2023
=366  \\$b2023-01-01
=500  \\$aVictor Guaita performs Giacinto Scelsi: Manto (1957?) for singing viola
=506  \\$aopen
=509  \\$aFRIS
=591  \\$aEditorial review
=610  \0$aHIPEX: Historical Performance Practices of Experimental Music$926935
=856  \\$3Universal Resource Locator$uhttps://orpheusinstituut.be/en/news-and-events/hipex-open-concert
=942  \\$cNWO
=999  \\$d21961

