=LDR  00617nam a22001937a 4500
=001  21967
=008  240201s2023\\\\||||||||\||||\00|\0\eng\d
=044  \\$aBE
=100  \\$aVaes, Luk$1https://orcid.org/0000-0001-5493-6494$4Creator$917277
=245  \\$aThe PD: more specifics on the pilot
=260  \\$c2023
=366  \\$b2023-01-01
=506  \\$aopen
=509  \\$aFRIS
=591  \\$a0
=610  \0$aHIPEX: Historical Performance Practices of Experimental Music$926935
=856  \\$3Universal Resource Locator$uhttps://artisticresearchreports.blogspot.com/2023/06/the-pd-more-specifics-on-pilot.html
=942  \\$cNWO
=999  \\$d21967

