=LDR  01591naa a22002177a 4500
=001  21972
=008  240129s2023\\\\||||||||\||||\00|\0\eng\d
=041  \\$aeng
=100  \\$aImpett, Jonathan$1https://orcid.org/0000-0002-6525-2095$4First Author$916357
=245  \\$aVirtue restored, virtue shared
=260  \\$aLondon$bRoutledge$c2023
=366  \\$b2023-01-01
=506  \\$aClosed
=509  \\$aFRIS
=520  \\$aSetting out from an eighteenth-century portrait of ‘virtuosis’, this chapter considers how some historical understandings of the notion of virtuosity might inform a relevant contemporary concept. A view based on pure technique or charlatanism has been criticised as banal almost since the term ‘virtuoso’ has been understood principally to refer to a musical performer. Instead, we attempt to synthesise a new formulation derived from usage in art history and the natural sciences, as well as notions of virtue from historical and recent philosophy; virtuosi might be seen as explorers, as plotting paths to ‘speculative knowledge’. While technique remains an important vehicle, cultural vision and social empathy are shown to be crucial, particularly in a moment of fragmentation such as our own. The expertise most crucial to the contemporary virtuoso is that of understanding, articulating and performing new potentialities that inhere in a particular moment and space.
=591  \\$a1
=610  \0$aMusic, Thought and Technology$926934
=773  \\$g14-28$tContemporary Virtuosities$z9781003307969
=856  \\$3DOI$u10.4324/9781003307969-2
=942  \\$cCHA
=999  \\$d21972

