=LDR  01119nam a22002657a 4500
=001  21973
=008  240201s2023\\\\||||||||\||||\00|\0\eng\d
=041  \\$aeng
=044  \\$aFR
=046  \\$k2023-05-24$l2023-05-24
=100  \\$aParra Cancino, Juan$1https://orcid.org/0000-0002-9793-6539$4Creator$eElectronics$916990
=111  \\$a"Radigue at 90" conference$cInstitute for Ideas & Imagination, Columbia Global Center, Paris, FR$dMay 24, 2023$gLecture Performance
=245  \\$a“An Experimental Performance of Éliane Radigue’s Early Feedback Works”
=260  \\$aParis$bInstitute for Ideas & Imagination, Columbia Global Center$c2023
=366  \\$b2023-05-24
=500  \\$aReconstruction of early electronic music. Experimental performances, Vintage Materialities.
=506  \\$aopen
=509  \\$aFRIS
=591  \\$a1
=600  \\$1Eliane Radigue
=610  \0$aMusic, Thought and Technology$926934
=650  \\$1Reconstruction of early electronic music. Experimental performances, Vintage Materialities
=856  \\$uhttps://www.radigueconference.com/home$3Universal Resource Locator
=942  \\$cNWO
=999  \\$d21973

