=LDR  02011naa a22002177a 4500
=001  21974
=008  240129s2023\\\\||||||||\||||\00|\0\eng\d
=041  \\$aeng
=100  \\$aImpett, Jonathan$1https://orcid.org/0000-0002-6525-2095$4First Author$916357
=245  \\$aIntelligent company: the ascription of human behaviour in real-time systems
=260  \\$aNew York$bChapman and Hall/CRC$c2023
=366  \\$b2023-02-10
=506  \\$aClosed
=509  \\$aFRIS
=520  \\$aResponses to AI vacillate between the epochal or post-human – Stephen Hawking foresees a tipping point when AI becomes able to set its own goals – and the thoroughly prosaic – the benefits of self-driving cars, flower-picking robots, or automated music transcription. For good reason, both aspects are very present in current discourse. In creative and cultural contexts, the very fact of an AI seems to dominate public and critical reception of a given work. Reviews of new AI-involving work of all kinds tend to focus on the perceived challenge to or automatization of humanness in general or authoriality in particular, rather than the ways in which human creativity might be extended. Critical and theoretical consideration of AI-involving work thus becomes unhelpfully separate from broader discussion of creative and cultural trends. In this chapter I will consider aspects of the potential role of AI in music performance in order to propose an alternative paradigm of AI as many-layered memory. Together, musician and AI seek instances of anamnesis which neither could accomplish alone. A practically oriented thought experiment explores possibilities for interface and navigation in such a performance system and creative practice. Hopefully the practical challenges will illuminate the broader issues.
=591  \\$a1
=610  \0$aMusic, Thought and Technology$926934
=773  \\$g219-239$tChoreomata: Performance and Performativity after AI$z9781003312338
=856  \\$3DOI$u10.1201/9781003312338-11
=942  \\$cCHA
=999  \\$d21974

