=LDR  01029nam a22002657a 4500
=001  21975
=008  240201s2023\\\\||||||||\||||\00|\0\eng\d
=041  \\$aeng
=044  \\$aBE
=046  \\$k2023-06-28$l2023-06-30
=100  \\$aParra Cancino, Juan$1https://orcid.org/0000-0002-9793-6539$4Creator$eLecture-performer$916990
=111  \\$aVintage Materialities in Music$cOrpheus Institute, Ghent$dJune 28-30, 2023$gLecture Performance
=245  \\$aAn Experimental performance of Eliane Radigue's early feedback works
=260  \\$aGhent$bOrpheus Institute$c2023
=366  \\$b2023-06-28
=500  \\$aVintage Materialities, an intercluster, interinstitutional collaboration.
=506  \\$aopen
=509  \\$aFRIS
=520  \\$aLecture and performance.
=591  \\$a1
=610  \0$aMusic, Thought and Technology$926934
=773  \\$tVintage Materialities in Music
=856  \\$uhttps://orpheusinstituut.be/en/news-and-events/registration-vintage-materialities-in-music-2023$3Universal Resource Locator
=942  \\$cNWO
=999  \\$d21975

