=LDR  01409nab a22002057a 4500
=001  21976
=008  240129s2023\\\\||||||||\||||\00|\0\eng\d
=041  \\$aeng
=100  \\$aImpett, Jonathan$1https://orcid.org/0000-0002-6525-2095$4First Author$916357
=245  \\$aNew Mimesis: Introduction
=366  \\$b2023-03-31
=506  \\$aopen$g2023-02-28
=509  \\$aFRIS
=520  \\$aAs the relevance and utility of compositional models and techniques derived from existing music theory seemed to some composers to be dissolving at the end of the nineteenth century, they turned to other sources for paradigms of musical thought. Mahler effectively turned to phonography, as did Ives. Schönberg could be seen as having turned to symbolic logic, the kind of thinking being developed by Russell, Frege and then the Vienna Circle. One approach is more empiricist, the other more formalist, to use Badiou’s characterisation (Badiou 2007, 11). In neither case is the ‘model’ used literally; what we often see in music and sound is mimesis of the mimetic technique.  New models of morphology and geometry are fundamental to the transformation of materials in Varèse; lines become surfaces, changing perspective as the move through space. 
=591  \\$a1
=610  \0$aMusic, Thought and Technology$926934
=773  \\$g4, 4, 1-10$tECHO$x27365824
=856  \\$3DOI$udoi.org/10.47041/JFPI1409
=942  \\$cART
=999  \\$d21976

