=LDR  01060nam a22002537a 4500
=001  21977
=008  240201s2023\\\\||||||||\||||\00|\0\eng\d
=041  \\$aeng
=044  \\$aSG
=046  \\$k2023-10-25$l2023-10-28
=100  \\$aParra Cancino, Juan$1https://orcid.org/0000-0002-9793-6539$4Creator$eLecture, electronics.$916990
=111  \\$aPerformer(s)' Present Artistic Research Symposium$cYST Conservatory, Singapore$dOctober 25-28, 2023$gConference
=245  \\$aAn Experimental Performance of Eliane Radigue’s Early Feedback Works
=260  \\$aSingapore$bYST Conservatory$c2023
=366  \\$b2023-10-28
=500  \\$aLectrue performance in Symposium, preceeded by workshop with Students.
=506  \\$aopen
=509  \\$aFRIS
=591  \\$a1
=610  \0$aMusic, Thought and Technology$926934
=773  \\$tPerformers(‘) Present 2023: International Artistic Research Symposium
=856  \\$3Universal Resource Locator$uhttps://www.ystmusic.nus.edu.sg/event/performers-present-2023-international-artistic-research-symposium/
=942  \\$cNWO
=999  \\$d21977

