=LDR  01158nam a22002777a 4500
=001  21979
=008  240201s2023\\\\||||||||\||||\00|\0\eng\d
=041  \\$aeng
=044  \\$aBE
=046  \\$k2023-10-30$l2023-11-04
=100  \\$aParra Cancino, Juan$1https://orcid.org/0000-0002-9793-6539$4Creator$eGuitar, electronics, organisation.$916990
=111  \\$aNowNet Arts conference$cGlobal - Orpheus Institute$dOctober 30 - November 4, 2023$gConference
=245  \\$aNowNet Arts Conference 2023
=260  \\$aGlobal, Ghent$bOrpheus Institute - NowNet Arts$c2023
=366  \\$b2023-10-30
=506  \\$aopen
=509  \\$aFRIS
=591  \\$a1
=610  \0$aMusic, Thought and Technology$926934
=773  \\$tNowNet Arts conference 2023
=856  \\$uhttps://nownetarts.org/nownet-arts-conference-2023$3Universal Resource Locator
=942  \\$cNWO
=952  \\$00$10$2ddc$40$70$923346$aORPH$bORPH$d2024-05-20$l0$r2024-05-20 00:00:00$w2024-05-20$yNWO
=952  \\$00$10$2ddc$40$70$923781$aORPH$bORPH$d2024-05-20$l0$r2024-05-20 00:00:00$w2024-05-20$yNWO
=952  \\$00$10$2ddc$40$70$924021$aORPH$bORPH$d2024-05-20$l0$r2024-05-20 00:00:00$w2024-05-20$yNWO
=999  \\$d21979

