=LDR  00681njm a22002177a 4500
=001  21982
=008  240201s2023\\\\||||||||\||||\00|\0\eng\d
=044  \\$aBE
=046  \\$k2024-05-22
=100  \\$aAssis, Paulo de$1https://orcid.org/0000-0001-6238-1417$4Creator$916044
=111  \\$aERC Consolidator Grant Evaluation$cBrussels$gPresentation
=245  \\$aERC Consolidator Grant Evaluation
=260  \\$aBrussels$bEuropean Research Council$c2023
=366  \\$b2023-01-01
=506  \\$aClosed
=509  \\$aFRIS
=591  \\$a1
=610  \0$aMetamusicX:Transdisciplinary Encounters in and Beyond Music$926932
=856  \\$3Universal Resource Locator$uwww.erc.eu
=942  \\$cNWO
=999  \\$d21982

