=LDR  01229nab a22002177a 4500
=001  21983
=008  240129s2023\\\\||||||||\||||\00|\0\eng\d
=041  \\$aeng
=100  \\$aAssis, Paulo de$1https://orcid.org/0000-0001-6238-1417$4First Author$916044
=245  \\$aMusic 2.0 and artistic research. Beyond a thousand years of Western art music
=366  \\$b2023-05-01
=506  \\$aopen
=509  \\$aFRIS
=520  \\$aArguing that society is going through a major civilisational transformation and claiming that Western art music has been a one thousand year-long epochal phenomenon, this paper is a plea for a reconfiguration of musical practices, provocatively labelled as ‘Music 2.0’. This reconfiguration can benefit from ongoing developments in artistic research, crucially moving from an aesthetic regime of the arts to more pluralistic, inclusive, and diverse aesthetico-epistemic modes of expression. 

=591  \\$a1
=610  \0$aMetamusicX:Transdisciplinary Encounters in and Beyond Music$1MetamusicX$926932
=650  \0$aAssemblage$927374
=773  \\$gvol 30, no.1 |2, 54-63$tForum+$x07797397
=856  \\$3Universal Resource Locator$uhttps://www.forum-online.be/nummers/februari-mei-2023
=942  \\$cART
=999  \\$d21983

