=LDR  01228nab a22002177a 4500
=001  21984
=008  240129s2023\\\\||||||||\||||\00|\0\eng\d
=041  \\$aeng
=100  \\$aAssis, Paulo de$1https://orcid.org/0000-0001-6238-1417$4First Author$916044
=245  \\$aRethinking Artistic Research: A Review of Michael Schwab’s ‘Contemporary Research’
=366  \\$b2023-12-21
=506  \\$aopen
=509  \\$aFRIS
=520  \\$aMichael Schwab’s recent essay ‘Contemporary Research’, published in the inaugural issue of 'HUB - Journal of Research in Art, Design and Society', is an excellent, timely, and thought-provoking essay that resumes conceptual discussions about artistic research in a manner that has not been seen in the last decade. The text is both an invitation to revisit some of the fundamentals of artistic research as well as a strong plea for remaining intellectually active, also (and especially) as an artist-researcher.
=591  \\$a1
=600  \0$aSchwab, Michael$917256
=610  \0$aMetamusicX:Transdisciplinary Encounters in and Beyond Music$926932
=773  \\$gV, I, xxx-yyy$tJournal for Artistic Research$x12344321
=856  \\$3DOI$uhttps://doi.org/10.22501/hub.2190234
=942  \\$cART
=999  \\$d21984

