=LDR  01587nab a22002177a 4500
=001  21985
=008  240129s2023\\\\||||||||\||||\00|\0\eng\d
=041  \\$aeng
=100  \\$aAssis, Paulo de$1https://orcid.org/0000-0001-6238-1417$4First Author$916044
=245  \\$aWhy the Frantic with Digital Note Taking Apps: a Reconfiguration of Knowledge?
=366  \\$b2023-09-04
=500  \\$aArticle for general public readership.
=506  \\$aopen
=509  \\$aFRIS
=520  \\$aThis paper explores the persistent fascination with discovering new digital and AI-driven note-taking apps, a phenomenon indicative of the broader reconfiguration of knowledge in the digital age. The proliferation of information, unprecedented in volume and variety, necessitates advanced tools for effective management and comprehension. The study examines the role of AI in transforming how we interact with data, presenting these applications as extensions of our cognitive capabilities. By analyzing the unique functions of various note-taking apps, the paper underscores their importance in navigating the modern knowledge landscape. Ultimately, it highlights the continuous evolution of these tools as essential companions in our quest for understanding an ever-changing world.
=591  \\$a0
=610  \0$aMetamusicX:Transdisciplinary Encounters in and Beyond Music$926932
=773  \\$gX, Y, a-b$tmedium.com$x12344321
=856  \\$3Universal Resource Locator$uhttps://medium.com/@paulo.deassis/why-the-frantic-with-digital-note-taking-apps-a-reconfiguration-of-knowledge-dbb294fed379
=942  \\$cART
=999  \\$d21985

