=LDR  01678nab a22002057a 4500
=001  21986
=008  240129s2023\\\\||||||||\||||\00|\0\eng\d
=041  \\$aeng
=100  \\$aAssis, Paulo de$1https://orcid.org/0000-0001-6238-1417$4First Author$916044
=245  \\$aHow I created my own GPTs and how it is transforming my academic writing
=366  \\$b2023-11-26
=506  \\$aopen
=509  \\$aFRIS
=520  \\$aThis paper examines the transformative impact of bespoke GPT-4 models on academic writing workflows. By leveraging OpenAI’s user-friendly interface to create customized GPT models, tailored to specific needs and writing styles, the author experienced significant improvements in speed, diversity, and quality control of their writing. The custom model, trained on the author's extensive body of work, provided exceptional feedback, constructive criticism, and insightful suggestions, effectively acting as a highly capable personal assistant. The integration of these bespoke GPTs into the writing process allowed for a more balanced and reader-friendly output, reducing reliance on human feedback and enhancing the overall quality of academic writing. This study underscores the potential of personalized AI tools to revolutionize traditional writing methods and highlights the profound benefits of integrating AI into creative workflows.
=591  \\$a0
=610  \0$aMetamusicX:Transdisciplinary Encounters in and Beyond Music$926932
=773  \\$g0, 0, 0$tmedium.com$x12344321
=856  \\$3Universal Resource Locator$uhttps://medium.com/@paulo.deassis/how-i-created-my-own-gpts-and-how-it-is-transforming-my-academic-writing-71a5e45000fa
=942  \\$cART
=999  \\$d21986

