=LDR  00899njm a22002417a 4500
=001  21987
=008  240201s2023\\\\||||||||\||||\00|\0\eng\d
=041  \\$aspa
=044  \\$aES
=046  \\$k2024-04-19$l2024-04-21
=100  \\$aAssis, Paulo de$1https://orcid.org/0000-0001-6238-1417$4Creator$916044
=111  \\$aDART Creative Lab 2024$cLa Granja de San Ildefonso, Spain$d04/19/2024$gPerformance
=245  \\$aDART Creative Lab 2024
=260  \\$aDART, Madrid$bDART$c2024
=366  \\$b2024-04-21
=506  \\$aopen
=509  \\$aFRIS
=520  \\$aCreative Lab with the doctoral students of the DART program.
=591  \\$a0
=610  \0$aMetamusicX:Transdisciplinary Encounters in and Beyond Music$926932
=856  \\$3Universal Resource Locator$uhttps://ikg.institute/en/artistic-research-programs-at-the-institute-katarina-gurska/dart-program/#6-dart-sessions-2023-2024
=942  \\$cNWO
=999  \\$d21987

