=LDR  01312njm a22002297a 4500
=001  21988
=008  240201s2023\\\\||||||||\||||\00|\0\eng\d
=041  \\$apor
=044  \\$aBR
=100  \\$aAssis, Paulo de$1https://orcid.org/0000-0001-6238-1417$4Creator$916044
=245  \\$aMesa-redonda: Pesquisa Artística
=246  \1$aPanel Discussion on Artistic Research
=260  \\$c2023
=366  \\$b2023-01-01
=506  \\$aopen
=509  \\$aFRIS
=520  \\$aWhat are the potentials, limits and characteristics of Artistic Research in the Brazilian music scene, both inside and outside academia? The use of capital letters emphasizes Artistic Research as its own legitimate methodological and epistemic field. Art and art-making have and are their own way of knowing and thinking. In Brazil, several signs point to the urgency of this discussion. But what are the defining characteristics of Artistic Research in Brazil? For this conversation, SiMN is inviting Bibiana Bragagnolo, a researcher at the forefront of this movement in Brazil, and Paulo de Assis, one of the leading names on the European scene.
=591  \\$a0
=610  \0$aMetamusicX:Transdisciplinary Encounters in and Beyond Music$926932
=856  \\$3Universal Resource Locator$uhttps://www.youtube.com/watch?v=68kI_qIpJKE
=942  \\$cNWO
=999  \\$d21988

