=LDR  00834njm a22002417a 4500
=001  21989
=008  240201s2023\\\\||||||||\||||\00|\0\eng\d
=041  \\$aeng
=044  \\$aCH
=046  \\$k2023-09-06$l2023-09-07
=100  \\$aAssis, Paulo de$1https://orcid.org/0000-0001-6238-1417$4Creator$916044
=111  \\$aSwiss National Foundation Sinergia Grant$cBern, CH$d09/06/2024$gWorkshop
=245  \\$aSwiss National Foundation Sinergia Grant
=260  \\$aBern$bSNSF$c2023
=366  \\$b2023-09-07
=506  \\$aClosed
=509  \\$aFRIS
=520  \\$aEvaluation Panel for Synergy Grants in Switzerland.
=591  \\$a1
=610  \0$aMetamusicX:Transdisciplinary Encounters in and Beyond Music$926932
=856  \\$3Universal Resource Locator$uhttps://www.snf.ch/en/HzVMPWm96mz69ZJ8/funding/programmes/sinergia
=942  \\$cNWO
=999  \\$d21989

