=LDR  00626njm a22002057a 4500
=001  21990
=008  240201s2023\\\\||||||||\||||\00|\0\eng\d
=041  \\$aeng
=044  \\$aBE
=100  \\$aAssis, Paulo de$1https://orcid.org/0000-0001-6238-1417$4Creator$916044
=245  \\$aEuropean Research Council Starting Grant Evaluation Step 1
=260  \\$c2023
=366  \\$b2023-01-03
=506  \\$aClosed
=509  \\$aFRIS
=591  \\$a1
=610  \0$aMetamusicX:Transdisciplinary Encounters in and Beyond Music$926932
=856  \\$3Universal Resource Locator$uhttps://erc.europa.eu/apply-grant/starting-grant
=942  \\$cNWO
=999  \\$d21990

