=LDR  01077njm a22002297a 4500
=001  21991
=008  240201s2023\\\\||||||||\||||\00|\0\eng\d
=041  \\$aeng
=044  \\$aCH
=046  \\$k2023-07-07$l2023-07-07
=100  \\$aAssis, Paulo de$1https://orcid.org/0000-0001-6238-1417$4Creator$916044
=245  \\$aSwiss National Foundation SPARK Grant
=260  \\$aSNSF$c2023
=366  \\$b2023-07-07
=506  \\$aClosed
=509  \\$aFRIS
=520  \\$aEvaluation report and meeting for the Swiss National Foundation SPARK Grant.
Spark enables researchers to test or develop novel and unconventional scientific approaches, methods, theories, standards and ideas within a short time. Preliminary data do not necessarily need to be available. 
Spark is aimed at researchers in all disciplines who have a doctorate or an equivalent qualification.
=591  \\$a1
=610  \0$aMetamusicX:Transdisciplinary Encounters in and Beyond Music$926932
=856  \\$3Universal Resource Locator$uhttps://www.snf.ch/en/yFfGJ5y0ZKdif8py/news/spark-call-for-proposals
=942  \\$cNWO
=999  \\$d21991

