=LDR  01925nab a22002057a 4500
=001  21992
=008  240129s2023\\\\||||||||\||||\00|\0\eng\d
=041  \\$aeng
=100  \\$aAssis, Paulo de$1https://orcid.org/0000-0001-6238-1417$4First author$916044
=245  \\$aBook Review for Edinburgh University Press
=366  \\$b2023-01-05
=506  \\$aClosed
=509  \\$aFRIS
=520  \\$aTitle of the book for review: Luciano Berio and the Philosophy of Language. An Investigation on the Music-Language Problem
Following the proclaimed crisis of tonal music’s “vocabulary” in the first half of the twentieth century, many composers – following Arnold Schoenberg’s innovations - felt the need to fund a new musical language. In pursuit of this project, however, the protagonists of the new serial music, gathered around the Darmstadt School, found themselves facing a number of contradictions (e.g. hyperstructuralism of serial music vs. lack of systemacity and organicity). This led to intense debate on the possibility of a new musical language and, more in general, on music’s status as a language. Luciano Berio's role in this debate is central. Starting from his experience as a musician and supported by a theoretical awareness of the contemporary philosophy of language, the composer wonders about the possibility of inventing a new language (and, in general, of using music as language) by elaborating answers that not only shed light on the nature of music itself, but also illuminate some aspects of verbal language. The reader will find in Berio’s reflections an unusual, yet rigorous, point of view on the music-language question. 
=591  \\$a1
=610  \0$aMetamusicX:Transdisciplinary Encounters in and Beyond Music$926932
=773  \\$gongoing$tEUP, internal$x12344321
=856  \\$3Universal Resource Locator$uhttp://www.ladeleuziana.org/wp-content/uploads/2020/01/Oliva.pdf
=942  \\$cART
=999  \\$d21992

