=LDR  02047nab a22002057a 4500
=001  21993
=008  240129s2023\\\\||||||||\||||\00|\0\eng\d
=041  \\$aeng
=100  \\$aAssis, Paulo de$1https://orcid.org/0000-0001-6238-1417$4First author$916044
=245  \\$aBook review for Bloomsbury Press
=366  \\$b2023-02-08
=506  \\$aClosed
=509  \\$aFRIS
=520  \\$aThis little book is not a dictionary in the accepted sense of the word – although it is nonetheless reassuring, mind you! It is an almanac. An almanac (from the Arabic المنحة al-minḥa oder المنح al manḥ, meaning ‘gift,’ or ‘present’) was some kind of early calendar, a collection of texts and hints at the positions of planets, sunrise and sundown, etc. Our almanac is ‘astronomical’ in such a way, that it presents a very personal and playful astronomy. It gives a collection of ‘sound words’ that have figured as the individual guiding-stars for the participating sound artists and scholars, guiding-stars perceived from various positions and locations on this planet. Unlike volumes announcing ‘Keywords of ….’ Or ‘Key Concepts of …,’ these heavyweights – even heavyweight champions!) that operate with all the tricks of the trade, with combinations of punches, jabs, even liver shots, this almanac follows a more humble approach, minor, an intimate tai-chi, rather. So, instead of a reassuring dictionary, with grand definitions that promise stability over time and space, here we have an unstable, personal, and playful almanac, that is reassuring not by rational argumentation, but by lived example. John Cage’s wish for mankind was ‘Happy New Ears.’ Maybe, with this almanac, we can be inspired to listening differently.
=591  \\$a1
=610  \0$aMetamusicX:Transdisciplinary Encounters in and Beyond Music$926932
=773  \\$gongoing$tInternal document Bloomsbury Press$x12344321
=856  \\$3Universal Resource Locator$uhttps://www.bloomsbury.com/uk/sound-word-almanac-9798765109052/
=942  \\$cART
=999  \\$d21993

