=LDR  03324npm a22002417a 4500
=001  21996
=008  240201s2023\\\\||||||||\||||\00|\0\gre\d
=041  \\$agre
=046  \\$k2023-03-01
=100  \\$aZafeiropoulos, Anastasios$1https://orcid.org/0000-0003-3762-4581$4Creator$emodern piano$926639
=245  \\$aΡεσιτάλ πιάνου
=246  \1$aPiano recital
=260  \\$aAthens, Greece$bPhilippos Nakas Conservatory$c2023
=366  \\$b2023-03-01
=500  \\$aΤο πιάνο στην εποχή μας είναι ένα όργανο αναγνωρίσιμο και δημοφιλές, του οποίου ο ήχος έχει συνδεθεί με πολλά είδη μουσικής. Αυτή ακριβώς η δυνατότητα του οργάνου να μιμείται και να δένει στο εκάστοτε μουσικό περιβάλλον αποτελεί διαχρονικό χαρακτηριστικό του οργάνου. Ωστόσο σήμερα, όταν λέμε πιάνο, σκεφτόμαστε έναν συγκεκριμένο ήχο που συνοδεύεται από ένα συγκεκριμένο άγγιγμα, ένα συγκεκριμένο βάθος πλήκτρων, μια συγκεκριμένη τοποθέτηση χορδών. Με δυσκολία διαχωρίζουμε ένα Steinway από ένα Yamaha ακουστικά, διότι οι διαφορές των σημερινών πιάνων είναι λεπτές και δύσκολα αναγνωρίσιμες ακόμα και στο εκπαιδευμένο αυτί.
Τα πράγματα είναι πολύ διαφορετικά αν κοιτάξουμε πίσω στον αιώνα του Διαφωτισμού, όπου το πιάνο άνθισε ως εφεύρεση και καθιερώθηκε έπειτα στη μουσική του δυτικού κόσμου. Στο πρώτο μέρος της συναυλίας του Αναστάσιου-Αχιλλέα Ζαφειρόπουλου-Τσίγκα το κοινό θα απολαύσει ακούσματα λιγότερο γνώριμα, μιας άλλης εποχής, συμπεριλαμβανομένου και του πρώτου έργου που γράφτηκε ποτέ για το πιάνο. Το δεύτερο μέρος αποτελείται από ένα έργο-σταθμό του πρώτου μισού του δεκάτου ενάτου αιώνα, στον οποίο το πιάνο έχει σχεδόν ταυτιστεί με το ρεύμα του Ρομαντισμού λόγω της ικανότητάς του να εκφράζει την ιδιαιτερότητα των ανθρώπινων συναισθημάτων.

=506  \\$aopen
=509  \\$aFRIS
=520  \\$aPiano Recital on modern Yamaha, with the aim to make eighteenth-century keyboard works and performance practices more accessible to youth audience in Athens
=591  \\$aEditorial review
=610  \0$aDeclassifying the Classics: Rhetoric, Technology, and Performance, 1750-1850$926931
=856  \\$3Universal Resource Locator$uhttps://www.nakas.edu.gr/el/archeio-ekdiloseon/archeio-synavlion/ekpaideftiko-etos-2022-2023/resital-pianou-anastasios-achillefs-zafeiropoulos-tsigkas-/
=942  \\$cNWO
=999  \\$d21996

