=LDR  02121njm a22002537a 4500
=001  21997
=008  240201s2023\\\\||||||||\||||\00|\0\eng\d
=041  \\$aeng
=044  \\$aBE
=046  \\$k2023-10-18
=100  \\$aZafeiropoulos, Anastasios$1https://orcid.org/0000-0003-3762-4581$4Creator$e1786 Stein replica by Chris Maene$926639
=245  \\$aEmbellishing Works of M. Corrette, C. P. E. Bach, and J. G. Eckard
=260  \\$aGhent, Belgium$bOrpheus Institute$c2023
=366  \\$b2023-10-18
=500  \\$aIn this opening concert of the 2023-2024 Declassifying the Classics series, we are proposing a chamber music programme around a 1786 Andreas Stein piano, which acts as both solo and continuo. We will perform works of Carl Philipp Emanuel Bach with traverso, Michel Corrette with violoncello, and Johann Gottfried Eckard, exploring connections between the authors and their music, informed by our practice.

Programme
Michel Corrette (1707-1795)  
Sonata for violoncello and continuo in d minor, ‘Les délices de la solitude’ op. 20 no 2  
Paris [c. 1739] – 12’  
_I. Allegro  
II. Aria. Affettuoso  
III. Allegro Staccato_

Carl Philipp Emanuel Bach (1714-1788)  
Sonata for flute and obbligato in D major, Wq. 83  
Potsdam [c. 1745-1755] – 13’  
_I. Allegro un poco  
II. Largo  
III. Allegro_

Johann Gottfried Eckard (1735-1809)  
Keyboard sonata in g minor, op. 1 no 2  
Paris [c. 1763] – 10’  
_I. Allegro con spirito_

C. P. E. Bach
Sonata for flute and obbligato in E major, Wq. 84  
Potsdam [c. 1745-1755] – 15’  
_I. Allegretto  
II. Adagio di molto  
III. Allegro assai
=506  \\$aopen
=509  \\$aFRIS
=520  \\$aVera Plosila (traverso), Orestis Zafeiropoulos (cello);
Afterwork Concert no. 1
(October 18, 2023)
=591  \\$aEditorial review
=610  \0$aDeclassifying the Classics: Rhetoric, Technology, and Performance, 1750-1850$926931
=773  \\$tAfterwork Concerts 2023-2024 by Declassifying the Classics
=856  \\$3Universal Resource Locator$uhttps://orpheusinstituut.be/en/news-and-events/afterwork-concerts-declassifying-the-classics
=942  \\$cNWO
=999  \\$d21997

