=LDR  01418npm a22002417a 4500
=001  21998
=008  240201s2023\\\\||||||||\||||\00|\0\eng\d
=041  \\$aeng
=044  \\$aBE
=046  \\$k2023-12-09
=100  \\$aZafeiropoulos, Anastasios$1https://orcid.org/0000-0003-3762-4581$4Creator$e1817 Thomas Broadwood replica by Chris Maene$926639
=245  \\$aPianorecital in het Orpheus Instituut
=246  \1$aPiano recital at Orpheus Institute
=260  \\$aGhent, Belgium$bMarie De Croock$c2023
=366  \\$b2023-12-09
=506  \\$aClosed
=509  \\$aFRIS
=520  \\$aPiano Recital on the Orpheus Institute 1817 Maene replica of Beethoven’s Broadwood, with the aim of presenting a viable concert program in early nineteenth-century London and Paris around an English piano, based on Clementi’s didactical fingerings (Johann Gottfried Eckard: Sonata g Minor, op. 1 no 2; Jan Ladislav Dussek: Sonata G Major, op. 39 no 1; Arcangelo Corelli: Trio Sonata b Minor, op. 4 no 12, transcr. Anastasios Zafeiropoulos after Muzio Clementi; Muzio Clementi: Sonata b Minor op. 40 no 2; John Field: Nocturne “Cradle Song” F Major H. 40) 
=591  \\$aEditorial review
=610  \0$aDeclassifying the Classics: Rhetoric, Technology, and Performance, 1750-1850$926931
=856  \\$3Universal Resource Locator$uhttps://drive.google.com/file/d/1i8j8oxJSPpUEY5PLg-hQgF9i5YmEIdWb/view?usp=sharing
=942  \\$cNWO
=999  \\$d21998

