=LDR  00821nam a22002537a 4500
=001  22000
=008  240201s2023\\\\||||||||\||||\00|\0\eng\d
=041  \\$aeng
=044  \\$aBE
=046  \\$k2023-06-03
=100  \\$aZafeiropoulos, Anastasios$1https://orcid.org/0000-0003-3762-4581$4Creator$926639
=111  \\$gPresentation
=245  \\$aUnderstanding Clementi’s Fingerings
=260  \\$c2023
=366  \\$b2023-06-03
=506  \\$aopen
=509  \\$aFRIS
=520  \\$aPresentation of doctoral research

=591  \\$a0
=610  \0$aDeclassifying the Classics: Rhetoric, Technology, and Performance, 1750-1850$926931
=773  \\$tFostering Artistic Research in Music 
=856  \\$3Universal Resource Locator$uhttps://fkf.hfmt-koeln.de/fileadmin/user_upload/2023_farm_call_application.pdf
=942  \\$cNWO
=999  \\$d22000

