=LDR  00878nam a22002417a 4500
=001  22001
=008  240201s2023\\\\||||||||\||||\00|\0\eng\d
=041  \\$aeng
=044  \\$aBE
=046  \\$k2023-09-09
=100  \\$aZafeiropoulos, Anastasios$1https://orcid.org/0000-0003-3762-4581$4Creator$e1817 Thomas Broadwood replica by Chris Maene$926639
=245  \\$aUnderstanding Clementi’s Fingerings
=260  \\$c2023
=366  \\$b2023-01-01
=506  \\$aClosed
=509  \\$aFRIS
=520  \\$aPresentation of doctoral research and workshop on historical fingerings
=591  \\$a0
=610  \0$aDeclassifying the Classics: Rhetoric, Technology, and Performance, 1750-1850$926931
=773  \\$tWorkshop on Artistic Research in Music 
=856  \\$3Universal Resource Locator$uhttps://www.consfi.it/wp-content/uploads/2019/01/20221212_bando_WARM_2023.pdf
=942  \\$cNWO
=999  \\$d22001

