=LDR  00887nam a22002177a 4500
=001  22002
=008  240201s2023\\\\||||||||\||||\00|\0\eng\d
=044  \\$aBE
=100  \\$aZafeiropoulos, Anastasios$1https://orcid.org/0000-0003-3762-4581$4Creator$926639
=111  \\$gWorkshop
=245  \\$aReading session: C. P. E. Bach’s Versuch, vol. 1, chapter I ‘On Fingering’; Workshop: Fingering Rondo Wq 61/1: C. P. E. Bach versus Clementi
=260  \\$aGhent, Belgium$bOrpheus Institute$c2023
=366  \\$b2023-01-01
=506  \\$aClosed
=509  \\$aFRIS
=591  \\$aEditorial review
=610  \0$aDeclassifying the Classics: Rhetoric, Technology, and Performance, 1750-1850$926931
=773  \\$tOrpheus Historical Piano Summer Academy
=856  \\$3Universal Resource Locator$uhttps://orpheusinstituut.be/en/news-and-events/historical-piano-summer-academy-2023
=942  \\$cNWO
=999  \\$d22002

