=LDR  01604nam a22002537a 4500
=001  22003
=008  240201s2023\\\\||||||||\||||\00|\0\eng\d
=041  \\$aeng
=044  \\$aBE
=046  \\$k2023-02-15
=100  \\$aBeghin, Tom$1https://orcid.org/0000-0001-7919-8985$4Creator$917739
=245  \\$aThe Historically Entangled Performer
=260  \\$aLeuven, Belgium$bLUCA School of Arts$c2023
=366  \\$b2023-02-15
=500  \\$aTo be an “historically informed performer” first and foremost means to be a “thing-entangled performer.”  Following a concept of “entanglement,” as developed by the archaeologist Ian Hodder (2012/2023), this talk argues that more than focusing on traditionally “musical” matters as we read our scores, it is the historical material environment that we should inhabit and embody.  Materiality is here defined more broadly than just instruments—e.g., also the hearing machine that the deaf Beethoven had constructed for his Broadwood piano.  Within those instruments, it also includes an awareness of specific components or characteristics—such as the keys of Beethoven’s French Erard piano, which had a different shape than those of the Viennnese pianos he was familiar with.
=506  \\$aopen
=509  \\$aFRIS
=520  \\$aKeynote Lecture 

=591  \\$a0
=610  \0$aDeclassifying the Classics: Rhetoric, Technology, and Performance, 1750-1850$926931
=773  \\$tInternational Research Day
=856  \\$3Universal Resource Locator$uhttps://drive.google.com/file/d/1YKC6jxRgi0sO8PDu0c9NwDG6KgUntzSU/view?usp=sharing
=942  \\$cNWO
=999  \\$d22003

