=LDR  02168nam a22002537a 4500
=001  22004
=008  240201s2023\\\\||||||||\||||\00|\0\eng\d
=041  \\$adut
=044  \\$aBE
=046  \\$k2023-10-26
=100  \\$aBeghin, Tom$1https://orcid.org/0000-0001-7919-8985$4Creator$917739
=245  \\$aBis repetita placent: C.P.E. Bach, Mozart, en de praktijk van het “gevarieerd herhalen”
=260  \\$aGhent, Belgium$bDavidsfonds$c2023
=366  \\$b2023-10-26
=500  \\$aOne of the more evocative practices of musicking during the Enlightenment was that of varying repeats—or the expectation for musicians in true oratorical style to improvise on the written text, whenever they repeat a section of a piece. This practice belonged to the realm of rhetorical “delivery” (Vortrag, pronuntiatio), but such professional skill came in conflict with a blossoming amateur market of keyboard players, for whom an ever-expanding repertoire of published scores became available, or what CPE Bach called, Handstücke, where music must first and foremost be accurately read and realized.
Addressing this conflict—while continuing a pedagogical mission that had started with his 1753 Versuch über die wahre Art das Clavier zu spielen—Bach published a first series of six Sonaten mit veränderten Reprisen Wq. 50 in 1760. These important examples of “ex tempore” variation incorporated in a fully written-out score may be compared with the improvisational prowess of the young Mozart, whose father Leopold (as evidenced in a letter of 1775, in almost certain reference to Sonatas K. 279–283) held high hopes for his son to contribute to this “new” genre of “sonata with varied reprises.”

=506  \\$aopen
=509  \\$aFRIS
=520  \\$aLecture
=591  \\$aEditorial review
=610  \0$aDeclassifying the Classics: Rhetoric, Technology, and Performance, 1750-1850$926931
=773  \\$tVerlichting(en): Verwezenlijkingen uit de 18de eeuw die ertoe doen
=856  \\$3Universal Resource Locator$uhttps://www.davidsfonds.be/activiteiten-detail-page/4530/verlichting(en).-verwezenlijkingen-uit-de-18de-eeuw-die-ertoe-doen
=942  \\$cNWO
=999  \\$d22004

