=LDR  01321npm a22002537a 4500
=001  22006
=008  240201s2023\\\\||||||||\||||\00|\0\eng\d
=041  \\$adut
=044  \\$aBE
=046  \\$k2023-11-15
=100  \\$aBeghin, Tom$1https://orcid.org/0000-0001-7919-8985$4Creator$917739
=245  \\$aMit veränderten Reprisen I
=260  \\$aGhent, Belgium$bOrpheus Institute$c2023
=366  \\$b2023-11-15
=500  \\$aPerforming on clavichord and fortepiano, Tom Beghin explores a once lively practice of varying repeats through two sets of keyboard sonatas—for a total of twelve, to be digested in groups of three: CPE Bach’s Sechs Sonaten mit veränderten Reprisen, Wq 50 (1760) and Mozart’s six “Munich” Sonatas K 279–285 (1774–75). Sonatas by C. P. E. Bach (Wq. 50, 1 and 3) and W. A. Mozart (K. 279).
=506  \\$aopen
=509  \\$aFRIS
=520  \\$aTom Beghin (clavichord and fortepiano); Afterwork Concert no. II (November 15, 2023)
=591  \\$aEditorial review
=610  \0$aDeclassifying the Classics: Rhetoric, Technology, and Performance, 1750-1850$926931
=773  \\$tAfterwork Concerts by Declassifying the Classics 2023-2024
=856  \\$3Universal Resource Locator$uhttps://orpheusinstituut.be/en/news-and-events/afterwork-concerts-declassifying-the-classics
=942  \\$cNWO
=999  \\$d22006

