=LDR  02093njm a22002537a 4500
=001  22009
=008  240201s2023\\\\||||||||\||||\00|\0\eng\d
=041  \\$aeng
=044  \\$aBE
=046  \\$k2024-05-22
=100  \\$aBeghin, Tom$1https://orcid.org/0000-0001-7919-8985$4Creator$917739
=245  \\$aMozart, Sonata in F Major, K. 280, performed by Wei Lee
=260  \\$aGhent, Belgium$bOrpheus Institute$c2023
=366  \\$b2023-12-20
=500  \\$aIn the summer of 2023, a workshop was held at the Orpheus Institute, Ghent, Belgium, around the practice of varying repeats, directed by Tom Beghin, with guests Benjamin Steens and Juliane Brandes. Six young keyboardists from around the world gathered around the clavichord and fortepiano to familiarize themselves with CPE Bach’s unique opus of “Sonatas with Varied Reprises” (1760) as well as Mozart’s six early keyboard sonatas, K. 279–284 (1774–75). As today’s performers of classical keyboard sonatas, what happens when we submit ourselves to a once lively expectation of continuous variation? How do we navigate the materiality of a printed score? What are the limits of “writing in” our variants and at what point do we start over—indeed, create a new edition altogether?
=506  \\$aopen
=509  \\$aFRIS
=520  \\$aAs part of the 2023 Orpheus Historical Piano Summer Academy, Wei Lee (Taiwan/Germany) performs Mozart’s Sonata in F Major, K. 280, on fortepiano (1786 Stein, replica by Chris Maene, 2016) in the Koningssalon of D’Hane-Steenhuyse, Ghent, Belgium. This filmed performance is the result of a ten-day experimental workshop around the eighteenth-century practice of varying repeats; see also Mit veränderten Reprisen: The Practice of Varying Repeats, a film documentary by Tom Beghin (2023).
=591  \\$a0
=610  \0$aDeclassifying the Classics: Rhetoric, Technology, and Performance, 1750-1850$926931
=773  \\$tHistorical Piano Summer Academy 2023
=856  \\$3Universal Resource Locator$uhttps://orpheusinstituut.be/en/with-varied-repeats/video-performances
=942  \\$cNWO
=999  \\$d22009

