=LDR  01261njm a22002417a 4500
=001  22014
=008  240201s2023\\\\||||||||\||||\00|\0\eng\d
=041  \\$aeng
=044  \\$aBE
=046  \\$k2023-04-06
=100  \\$aBeghin, Tom$1https://orcid.org/0000-0001-7919-8985$4Creator$917739
=245  \\$aMasterclass, Conservatoire Jean Wiéner de Bobigny
=260  \\$aBobigny, France$bConservatoire Jean Wiéner de Bobigny$c2023
=366  \\$b2023-04-06
=506  \\$aClosed
=509  \\$aFRIS
=520  \\$aOrganized by Luca Montebugnoli
8 students, playing Mozart, Haydn, Clementi, Schumbert
Anton Vasiukovich, Mozart K 570
Elise Göckel, Haydn Hob XVI:42
Hyunji Kim, Haydn Hob. XVI:50
Chika Shibata, Haydn, F Minor Variations, Hob, XVII:6
Darren Shen, Clementi F-sharp minor sonata, op. 25 No. 5
Wei-Ting Hsieh, Schubert A Major Sonata D 664
Keigo Mukawa, Mozart K 280
Miyu Ota, Mozart K 282

=591  \\$aEditorial review
=610  \0$aDeclassifying the Classics: Rhetoric, Technology, and Performance, 1750-1850$926931
=773  \\$tJournées du pianoforte 2023
=856  \\$3Universal Resource Locator$uhttps://www.bobigny.fr/que-faire-a-bobigny/l-agenda-133/les-journees-du-pianoforte-6812.html?cHash=e3c1102e4c8c20116be9d1cbf44b74f2
=942  \\$cNWO
=999  \\$d22014

