=LDR  01948ncm a22002417a 4500
=001  22016
=008  240201s2023\\\\||||||||\||||\00|\0\eng\d
=041  \\$aeng
=044  \\$aGB
=046  \\$k2024-05-31
=100  \\$aBoondiskulchok, Prach$1https://orcid.org/0000-0001-8874-4861$4Creator$925654
=245  \\$aKarmic Songs for voice, theremin, and piano quartet (2023) 
=260  \\$c2023
=366  \\$b2023-01-01
=500  \\$aAbstract:
Karmic Songs is a set of reflections on the concepts of the soul, ghosts, and karma, inspired by Thai
folktales and Theravadin Buddhist thoughts. The first song sets Mary Oliver’s poem Bone, where, in search
for what the soul might be, the narrator finds an ear bone of a whale and contemplates on whether the
soul might look like this—the ear bone is crucial to the whale’s ability to navigate. This resonates with
how it is also the most crucial part for musicians, and is, in a way, like their “souls”. The second and third
songs set an assemblage of texts from many sources, from old Buddhist Suttas to contemporary poems
which I have borrowed and threaded together. Telling the story of a Preta or “hungry ghost”, one of the
ghosts commonly used in Thailand to scare children from misbehaving, myself affected. In this song the
ghost itself warns us, the living, of our greed and endless “wanting more and more of the earth”. The final
song is a prayer of hope, calling upon the “miracles of honesty and truth to keep the sky from falling.”


=506  \\$aopen
=509  \\$aFRIS
=520  \\$aDuration 20’;
Publication pending in May 2024;
Commissioned by Camerata Variabile;

World premiere: Musikschule Konservatorium, Zürich, Switzerland, 18 April 2023
=591  \\$a0
=610  \0$aDeclassifying the Classics: Rhetoric, Technology, and Performance, 1750-1850$926931
=856  \\$3Universal Resource Locator$uhttps://www.youtube.com/watch?v=Ewwe4BEn3tE
=942  \\$cNWO
=999  \\$d22016

