=LDR  00654njm a22002057a 4500
=001  22017
=008  240201s2023\\\\||||||||\||||\00|\0\eng\d
=044  \\$aBE
=100  \\$aCaliman, Magno$1https://orcid.org/0000-0002-1231-0271$4Creator$925652
=111  \\$aVintage Materialities in Music
=245  \\$aTwo Study Cases of Live Coding Pieces
=260  \\$aGhent$bOrpheus Instituut$c2023
=366  \\$b2023-06-28
=506  \\$aopen
=509  \\$aFRIS
=591  \\$a1
=610  \0$aMusic, Thought and Technology$926934
=856  \\$3Universal Resource Locator$uhttps://orpheusinstituut.be/en/news-and-events/vintage-materialities-in-music
=942  \\$cNWO
=999  \\$d22017

