=LDR  01315npm a22002417a 4500
=001  22018
=008  240201s2023\\\\||||||||\||||\00|\0\eng\d
=041  \\$aeng
=044  \\$aBE
=046  \\$k2023-08-13
=100  \\$aBoondiskulchok, Prach$1https://orcid.org/0000-0001-8874-4861$4Creator$925654
=245  \\$aIn Search of Lost Dance: Rebel, Haydn & Ravel
=260  \\$aBrugge, Belgium$bMA Festival$c2023
=366  \\$b2023-08-13
=500  \\$aLinos Pianotrio brengt voor ons twee meester­w­erken van Maurice Ravel: het Piano Trio en Le Tombeau de Couperin. De transparantie en direc­theid van Ravel, gespeeld op laat 19e-eeuwse instru­menten, herin­neren ons er aan dat deze neo­barokke dansen niet zo ver van hun vooroud­ers afs­taan. Linos plaatst deze werken in een Proustiaanse dialoog met dansen uit het Frankrijk van de vroege 18e eeuw, waaron­der aardse dansen van Haydn en Rebel.
=506  \\$aopen
=509  \\$aFRIS
=520  \\$aLinos Piano Trio (UK);
Maurice Ravel (1875−1937), Jean-Féry Rebel (1666−1747) en Joseph Haydn (1732−1809)


=591  \\$aEditorial review
=610  \0$aDeclassifying the Classics: Rhetoric, Technology, and Performance, 1750-1850$926931
=856  \\$3Universal Resource Locator$uhttps://mafestival.be/programma/in-search-of-lost-dances
=942  \\$cNWO
=999  \\$d22018

