=LDR  00630njm a22002177a 4500
=001  22019
=008  240201s2023\\\\||||||||\||||\00|\0\eng\d
=044  \\$aBE
=100  \\$aCaliman, Magno$1https://orcid.org/0000-0002-1231-0271$4Creator$925652
=111  \\$aNowNet Arts Conference$cOnline
=245  \\$aIn 3
=260  \\$c2023
=366  \\$b2023-11-04
=506  \\$aopen
=509  \\$aFRIS
=520  \\$aPerformance - "In 3" by composer Sarah Weaver
=591  \\$a1
=610  \0$aMusic, Thought and Technology$926934
=856  \\$3Universal Resource Locator$uhttps://nownetarts.org/nownet-arts-conference-2023
=942  \\$cNWO
=999  \\$d22019

