=LDR  00696njm a22002057a 4500
=001  22021
=008  240201s2023\\\\||||||||\||||\00|\0\eng\d
=044  \\$aBE
=100  \\$aCaliman, Magno$1https://orcid.org/0000-0002-1231-0271$4Creator$925652
=245  \\$aHarware Hacking and Expermental Electronics
=260  \\$aBrussels$bQ-O2$c2023
=366  \\$b2023-12-05
=500  \\$aWorkshop and lecture in the context of tekhnē project
=506  \\$aopen
=509  \\$aFRIS
=591  \\$a1
=610  \0$aMusic, Thought and Technology$926934
=856  \\$3Universal Resource Locator$uhttps://tekhne.website/blog/2024/workshop-report-hardware-hacking-and-experimental-electronics.html
=942  \\$cNWO
=999  \\$d22021

