=LDR  01429naa a22002057a 4500
=001  22022
=008  240129s2023\\\\||||||||\||||\00|\0\eng\d
=100  \\$aKöhnken, Camilla$1https://orcid.org/0000-0001-9605-3542$4First Author$925651
=245  \\$aFrom Beethoven Performance to Beethoven Interpretation: Carl Czerny and Franz Liszt’s Evolving Relationship, 1822–57
=260  \\$aLeuven$bLeuven University Press $c2024
=366  \\$b2024-05-30
=506  \\$aopen
=509  \\$aFRIS
=520  \\$aThe essay examines the relationship between Carl Czerny and Franz Liszt beyond the teacher-student period of 1822–23. It traces the lifelong friendship between the two artists and their shared activities in building the Beethoven myth. Czerny’s additions in his early piano versions of Beethoven’s violin sonata op. 47 "Kreutzer" suggest that Liszt might have adopted and incorporated Czernyian teachings still rooted in 18th century performance practice in his Beethoven performances (often criticized as too free or wayward) rather than merely indulging in personal romantic exuberance.
=591  \\$a1
=610  \0$aDeclassifying the Classics: Rhetoric, Technology, and Performance, 1750-1850$926931
=773  \\$g79-104$tPerforming by the Book? Musical Negotiations between Text and Act$z9789462704145$kOrpheus Institute Series
=856  \\$3Universal Resource Locator$uhttps://lup.be/products/239182
=942  \\$cCHA
=999  \\$d22022

