=LDR  00573njm a22001937a 4500
=001  22025
=008  240201s2023\\\\||||||||\||||\00|\0\eng\d
=044  \\$aNL
=100  \\$aCaliman, Magno$1https://orcid.org/0000-0002-1231-0271$4Creator$925652
=245  \\$aSound Arguments
=260  \\$c2023$aThe Hague$bStudio Loos
=366  \\$b2023-03-27
=506  \\$aopen
=509  \\$aFRIS
=591  \\$a0
=610  \0$aMusic, Thought and Technology$926934
=856  \\$3Universal Resource Locator$uhttps://orpheusinstituut.be/en/news-and-events/sound-arguments-2023
=942  \\$cNWO
=999  \\$d22025

