=LDR  00575njm a22001937a 4500
=001  22026
=008  240201s2023\\\\||||||||\||||\00|\0\eng\d
=044  \\$aBE
=100  \\$aCaliman, Magno$1https://orcid.org/0000-0002-1231-0271$4Creator$925652
=245  \\$aSound Arguments
=260  \\$c2023$aGhent$bOrpheus Instituut
=366  \\$b2023-04-17
=506  \\$aopen
=509  \\$aFRIS
=591  \\$a0
=610  \0$aMusic, Thought and Technology$926934
=856  \\$3Universal Resource Locator$uhttps://orpheusinstituut.be/en/news-and-events/sound-arguments-2023
=942  \\$cNWO
=999  \\$d22026

