=LDR  00585nam a22002057a 4500
=001  22032
=008  240201s2023\\\\||||||||\||||\00|\0\eng\d
=041  \\$adut
=044  \\$aNL
=100  \\$aDantas, Paulo$1https://orcid.org/0009-0008-3627-5045$4Creator$926637
=245  \\$aPeel Slowly and See Festival
=260  \\$c2023
=366  \\$b2023-03-10
=506  \\$aopen
=509  \\$aFRIS
=591  \\$a0
=610  \0$aMusic, Thought and Technology$926934
=856  \\$3Universal Resource Locator$uhttps://www.universiteitleiden.nl/en/events/2023/03/peel-slowly-and-see
=942  \\$cNWO
=999  \\$d22032

