=LDR  00610nam a22002057a 4500
=001  22033
=008  240201s2023\\\\||||||||\||||\00|\0\eng\d
=041  \\$ajpn
=044  \\$aJP
=100  \\$aDantas, Paulo$1https://orcid.org/0009-0008-3627-5045$4Creator$926637
=245  \\$aTOKAS - Research Residency Program Open Studio
=260  \\$c2023
=366  \\$b2023-07-21
=506  \\$aopen
=509  \\$aFRIS
=591  \\$a0
=610  \0$aMusic, Thought and Technology$926934
=856  \\$3Universal Resource Locator$uhttps://www.tokyoartsandspace.jp/en/archive/exhibition/2023/20230721-7221.html
=942  \\$cNWO
=999  \\$d22033

