=LDR  00614nam a22002057a 4500
=001  22034
=008  240201s2023\\\\||||||||\||||\00|\0\eng\d
=041  \\$aeng
=044  \\$aNL
=100  \\$aDantas, Paulo$1https://orcid.org/0009-0008-3627-5045$4Creator$926637
=245  \\$aACPA / docARTES Joint Session 2023 - Presentation of Research Project
=260  \\$c2023
=366  \\$b2023-03-23
=506  \\$aopen
=509  \\$aFRIS
=591  \\$a0
=610  \0$aMusic, Thought and Technology$926934
=856  \\$3Universal Resource Locator$uhttps://phdarts.eu/Programme/2023-03-ACPA-Joint-PhD-Session
=942  \\$cNWO
=999  \\$d22034

