=LDR  00615nam a22002057a 4500
=001  22035
=008  240201s2023\\\\||||||||\||||\00|\0\eng\d
=041  \\$ajpn
=044  \\$aJP
=100  \\$aDantas, Paulo$1https://orcid.org/0009-0008-3627-5045$4Creator$926637
=245  \\$aSound, presence, field: Hatanaka Minoru, Nishihara Nao and Paulo Dantas in conversation and performance
=260  \\$c2023
=366  \\$b2024-01-17
=506  \\$aopen
=509  \\$aFRIS
=591  \\$a0
=610  \0$aMusic, Thought and Technology$926934
=856  \\$3Universal Resource Locator$uhttps://atnll.com/35390174
=942  \\$cNWO
=999  \\$d22035

