=LDR  01488nam a2200301 cb4500
=001  22444
=005  20250925143311.0
=008  941219s1994\\\\\\\ao||\\||||\00|||dfre\d
=020  \\$a2852033410
=022  \\$a0244-2957
=041  \\$afre
=245  10$aPoulenc et ses amis
=260  \\$aParis$bChampion$c1994
=300  \\$a308 pages
=337  \\$aohne Hilfsmittel zu benutzen$bn$2rdamedia
=338  \\$aBand$bnc$2rdacarrier
=490  \\$aRevue internationale de musique française$v31
=500  \\$aOn the one hand this volume contains testimonies and hitherto unexploited correspondence, on the occasion of the thirtieth anniversary of Poulenc's death; on the other, news on French music research over the last four years (works, exhibitions, discographies, sales etc.).
=600  \\$aPoulenc, Francis$d1899-1963$1http://www.wikidata.org/entity/Q191408$97614
=600  \\$aMilhaud, Darius$d1892-1974$1http://www.wikidata.org/entity/Q186264$98782
=600  \0$aHonegger, Arthur$d1892-1955$1http://www.wikidata.org/entity/Q123164$97102
=648  \0$a20th Century (1901-2000)$1http://www.wikidata.org/entity/Q6927$920936
=650  \0$aMusic history$1http://www.wikidata.org/entity/Q846047$921373
=651  \0$aFrance$1http://www.wikidata.org/entity/Q142$9131
=700  1\$aPistone, Danièle$d1946-$4edt
=942  \\$cBOO
=952  \\$00$10$2ddc$40$6BIO_POUL_B$70$8BIO$925013$aORPH$bORPH$cKTS1_P$d2025-01-20$eHuys$l0$oBIO POUL b$p20143993$r2025-01-20 15:37:05$w2025-01-20$yBOO
=999  \\$d22444

