=LDR  03080nam a22003497a 4500
=001  22559
=005  20251021133854.0
=008  240129s2023\\\\||||||||\||||\00|\0\eng\d
=041  \\$aeng
=100  \\$aCornia, Nicholas$d1989-$1https://orcid.org/0000-0003-1114-6710$4First Author$939261
=245  \\$aWho's Afraid of the 'Artyfyshall Byrd'? Historical Notions and Current Challenges of Musical Artificiality
=366  \\$b2024-11-10
=506  \\$aopen
=509  \\$aFRIS
=520  \\$aThe meteoric surge of AI-generated music has prompted significant concerns among artists and publishers alike. Some fear that the adoption of AI is poised to result in massive job destruction; others sense it will jeopardize and eventually upend all legal frameworks of intellectual property. AI, however, is not the first instance where humanity has confronted the prospect of machines emulating musical creativity. Already in the Baroque, various modes of musical artificiality were explored, ranging from automata and organ stops mimicking human performance and natural sounds, up to devices for mechanized composition (e.g., Athanasius Kircher, Johann Philip Kirnberger, C.P.E. Bach, Antonio Calegari and Diederich Nickolaus Winkel). Valuable insights emerge from the reconsideration—and digital implementation—of these curiosities through the lens of present-day generative models. It can be argued that the very notion of ‘artificiality’ has presented humanity with long-standing philosophical dilemmas, in addressing the debate on the role of art as a substitute of (divine) nature. By digitally implementing and formalizing some pioneering instances of algorithmically generated music we wish to illustrate how mechanical devices have played a role in human art and entertainment prior to our digital era.
=591  \\$a1
=600  \0$aKircher, Athanasius$1http://www.wikidata.org/entity/Q76738$97040
=600  \0$aKirnberger, Johann Philipp$d1721-1783$1http://www.wikidata.org/entity/Q505543$95305
=600  \0$aBach, Carl Philipp Emanuel$d1714-1788$1http://www.wikidata.org/entity/Q76428$99218
=610  \0$aResounding Libraries: Unfolding Archived Knowledge Through Artistic Research $926404
=650  \0$aArtificial intelligence$1http://www.wikidata.org/entity/Q11660$92413
=650  \1$aAutomaton$1http://www.wikidata.org/entity/Q787116$923484
=650  \0$aDance$1http://www.wikidata.org/entity/Q11639$1http://www.wikidata.org/entity/Q316930$924845
=650  \0$aAlgorithmic composition$1http://www.wikidata.org/entity/Q1758902$939813
=650  \0$aGame$1http://www.wikidata.org/entity/Q11410$923801
=650  \0$aBaroque$1http://www.wikidata.org/entity/Q37853$921255
=700  \\$aForment, Bruno$d1978-$1https://orcid.org/0000-0002-0157-5485$4Last Author$920844
=773  \\$g25, 1, 486-492$tProceedings of the 25th International Society for Music Information Retrieval Conference$x30063094
=856  \\$3DOI$uhttps://doi.org/10.5281/zenodo.14876841
=856  \\$3Universal Resource Locator$uhttp://192.168.0.5/resourcespace/?c=37
=942  \\$cART
=999  \\$d22559

