=LDR  02246nab a22002897a 4500
=001  22675
=005  20251021133854.0
=008  240129s2024\\\\||||||||\||||\00|\0\eng\d
=041  \\$aeng
=100  \\$aCornia, Nicholas$d1989-$1https://orcid.org/0000-0003-1114-6710$4First Author$939261
=245  \\$aDecatastrophizing Failure Through Playfulness
=366  \\$b2024-11-25
=500  \\$aThis article was submitted for issue 14 of the VIS – Nordic Journal for Artistic Research. It has not been accepted and the authors have decided to self-publish it on Research Catalogue.
=506  \\$aopen
=509  \\$aFRIS
=520  \\$aThis is an invitation to generate your own article about playfulness and its power to reconceive failure in artistic research, through a simple game of chance and knowledge. This text contextualises the game within the experiences of the authors, researchers at Orpheus Instituut,  who have been engaged in creating explorative spaces for new types of collaboration, using the principles of playfulness. Through a combination of artistic and theoretical work and practical experience with iterative case studies in which game mechanics are tested, refined, and tested again, the authors are engaged in a process of discovery within a “magic circle”. Open-ended experimentation and collaboration are central areas of focus. Failure is re-conceived as a learning process and its catastrophic effects are integrated into the make-believe space of the game, while the insights and experiences drawn from these failures are retained once we step out of the magic circle.
=591  \\$a0
=600  \0$aHuizinga, Johan$1http://www.wikidata.org/entity/Q276280$911737
=610  \0$aResounding Libraries: Unfolding Archived Knowledge Through Artistic Research $926404
=650  \0$aGame$1http://www.wikidata.org/entity/Q11410$923801
=650  \0$aGame studies$1http://www.wikidata.org/entity/Q675281$940100
=650  \0$aAlgorithmic composition$1http://www.wikidata.org/entity/Q1758902$939813
=700  1\$aPare, Arabella$1https://orcid.org/0009-0005-4025-7227$4Last Author$927042
=773  \\$gV, I, xxx-yyy$tResearch Catalogue$x07840942
=856  \\$3DOI$uhttps://doi.org/10.22501/rc.3224037
=942  \\$cART
=999  \\$d22675

