=LDR  04424nam a22005537a 4500
=001  22683
=005  20251021133854.0
=008  240105s2024\\\\|||agfhf\||||\00|\0deng\d
=020  \\$a9789462704145
=041  \\$aeng
=044  \\$aBE
=100  \\$aForment, Bruno$d1978-$1https://orcid.org/0000-0002-0157-5485$4edt$920844
=245  \\$aPerforming by the Book? Musical Negotiations between Text and Act
=246  \1$bUitvoeren volgens het boekje? Muzikale onderhandelingen tussen tekst en handeling
=250  \\$a1st ed.
=260  \\$aLeuven$bLeuven University Press$c2024
=300  \\$a208
=366  \\$b2025-03-10
=490  \\$aOrpheus Institute Series
=506  \\$aopen
=509  \\$aFRIS
=520  \\$aThe challenges and limits for musicians dealing with texts.

To perform a musical score implies the transformation of a symbolically coded text into vibrant sound. In Performing by the Book? a carefully selected cadre of artist-researchers dissects this delicate act in critical ways. Offering first-hand insights into the notational, structural and interpretative challenges faced by musicians in dealing with texts of all kinds, the chapters traverse the spectrum between the Middle Ages and the age of Stockhausen. In a harmonious blend of scholarly allure and individual artistry, free from academic obfuscation, the contributors keep a keen eye on the limits of interpretation, both in terms of the interpretative process itself and of the balance between textual faithfulness and artistic autonomy. This comprehensive volume is an indispensable guide for everyone interested in the relationship between musical performance and texts.

Contributing authors: Niels Berentsen (Haute école de musique de Genève-Neuchâtel (HES-SO) / conductor of Diskantores), Björn Schmelzer (artistic director of Graindelavoix / independent researcher), Jonathan Ayerst (freelance organist and improviser), Elizabeth Dobbin (Le Jardin Secret / Haute école de musique de Genève (HES-SO)), Camilla Köhnken (freelance pianist-researcher / Bern Academy of the Arts), George Kennaway (cellist, conductor, teacher, publisher and musicologist / University of Leeds), Kate Bennett Wadsworth (cellist / Guildhall School of Music and Drama), Nir Cohen-Shalit (conductor and independent researcher), Xiangning Lin (pianist / Yong Siew Toh Conservatory of Music, National University of Singapore), Clare Lesser (independent performer, musicologist and composer).
=591  \\$a1
=600  \0$aWarburg, Aby$1http://www.wikidata.org/entity/Q60185$916291
=600  \0$aBach, Johann Sebastian$d1685-1750$1http://www.wikidata.org/entity/Q1339$94766
=600  \0$aBeethoven, Ludwig van$1http://www.wikidata.org/entity/Q255$95335
=600  \0$aCzerny, Carl$1http://www.wikidata.org/entity/Q215333$96032
=600  \0$aLiszt, Franz$1http://www.wikidata.org/entity/Q41309$917400
=600  \0$aSchumann, Robert$1http://www.wikidata.org/entity/Q7351$913977
=600  \0$aRavel, Maurice$1http://www.wikidata.org/entity/Q29029686$921455
=600  \0$aPoe, Edgar Allan$1http://www.wikidata.org/entity/Q16867$940115
=600  \0$aStockhausen, Karlheinz$1http://www.wikidata.org/entity/Q37546939$915865
=610  \0$aResounding Libraries: Unfolding Archived Knowledge Through Artistic Research $926404
=650  \0$aHistorically informed performance$1http://www.wikidata.org/entity/Q1344860$920980
=650  \0$aChoral music$1http://www.wikidata.org/entity/Q1076513$94368
=650  \0$aNotation$1http://www.wikidata.org/entity/Q233861$91964
=650  \0$aImprovisation$1http://www.wikidata.org/entity/Q1049625$93640
=650  \0$aFreedom$1http://www.wikidata.org/entity/Q310735$1http://www.wikidata.org/entity/Q108883749$923033
=650  \0$aText$1http://www.wikidata.org/entity/Q234460$94267
=650  \0$aAir$1http://www.wikidata.org/entity/Q406714$924073
=650  \0$aConcerto$1http://www.wikidata.org/entity/Q9748$921817
=650  \0$aKeyboard music$1http://www.wikidata.org/entity/Q105715630$921412
=650  \0$aOrchestral music$1http://www.wikidata.org/entity/Q3328774$924356
=650  \0$aConducting$1http://www.wikidata.org/entity/Q6989196$92392
=650  \0$aPiano$1http://www.wikidata.org/entity/Q5994$1http://www.wikidata.org/entity/Q1521313$92127
=650  \0$aCello$1http://www.wikidata.org/entity/Q8371$92688
=856  \\$3DOI$uhttps://doi.org/10.2307/jj.11955034
=942  \\$cBOO
=999  \\$d22683

