=LDR  01039nab a22002417a 4500
=001  22684
=005  20251021133854.0
=008  240129s2024\\\\||||||||\||||\00|\0\eng\d
=041  \\$aeng
=100  \\$aForment, Bruno$d1978-$1https://orcid.org/0000-0002-0157-5485$4First Author$920844
=245  \\$aDas Wiener Kärntnertortheater 1728–1748: Vom Städtischen Schauspielhaus zum Höfischen Opernbetrieb Andrea Sommer-Mathis and Reinhard Strohm, eds Vienna: Hollitzer, 2023
=366  \\$b2024-09-23
=506  \\$aEmbargoed$g2026-06-10
=509  \\$aFRIS
=520  \\$aReview of a book edited by Reinhard Strohm and Andrea Sommer-Mathis
=591  \\$a1
=610  \0$aResounding Libraries: Unfolding Archived Knowledge Through Artistic Research $926404
=650  \0$aTheater$1http://www.wikidata.org/entity/Q24354$92225
=650  \0$aOpera seria$1http://www.wikidata.org/entity/Q210675$925224
=773  \\$g21, 2, 207-209$tEighteenth-Century Music$x14785706
=856  \\$3DOI$uhttps://doi.org/10.1017/S1478570624000034
=942  \\$cART
=999  \\$d22684

