=LDR  01144njm a22002537a 4500
=001  22686
=008  240201s2024\\\\||||||||\||||\00|\0\eng\d
=044  \\$aBE
=046  \\$k2024-02-26$l2024-02-26
=100  \\$aParra Cancino, Juan$1http://www.wikidata.org/entity/Q52833571$4Creator$eElectronics$916990
=111  \\$aAn Immersive Journey Through Early Electronic Works of… (un)usual suspects$cKoetshuis Orpheus Instituut$d26 February 2024$gLecture Performance
=245  \\$aAn Immersive Journey Through Early Electronic Works of… (un)usual suspects
=260  \\$c2024
=366  \\$b2024-02-26
=500  \\$aListening sessions of Early Electronic Music
=506  \\$aopen
=509  \\$aFRIS
=520  \\$aTape, Vinyl, and digital, multichannel fixed support pieces, presented in their original formats.
=591  \\$a0
=610  \0$aMusic, Thought and Technology$926934
=856  \\$3Universal Resource Locator$uhttps://orpheusinstituut.be/en/news-and-events/an-immersive-journey-through-early-electronic-works-of
=942  \\$cNWO
=952  \\$00$10$2ddc$40$70$926639$aORPH$bORPH$d2025-04-30$l0$r2025-04-30 11:52:45$w2025-04-30$yNWO
=999  \\$d22686

