=LDR  01135njm a22002537a 4500
=001  22689
=008  240201s2024\\\\||||||||\||||\00|\0\eng\d
=044  \\$aBE
=046  \\$k2024-05-13$l2024-05-13
=100  \\$aParra Cancino, Juan$1http://www.wikidata.org/entity/Q52833571$4Creator$eElectronics$916990
=111  \\$aAn Immersive Journey Through Early Electronic Works of… Benelux Currents$cKoetshuis Orpheus Instituut$d13 May 2024$gLecture Performance
=245  \\$aAn Immersive Journey Through Early Electronic Works of… Benelux Currents
=260  \\$c2024
=366  \\$b2024-05-13
=500  \\$aListening sessions of Early Electronic Music
=506  \\$aopen
=509  \\$aFRIS
=520  \\$aTape, Vinyl, and digital, multichannel fixed support pieces, presented in their original formats.
=591  \\$a0
=610  \0$aMusic, Thought and Technology$926934
=856  \\$3Universal Resource Locator$uhttps://orpheusinstituut.be/en/news-and-events/an-immersive-journey-through-early-electronic-works-of
=942  \\$cNWO
=952  \\$00$10$2ddc$40$70$926642$aORPH$bORPH$d2025-04-30$l0$r2025-04-30 12:09:42$w2025-04-30$yNWO
=999  \\$d22689

