=LDR  01113njm a22002537a 4500
=001  22690
=008  240201s2024\\\\||||||||\||||\00|\0\eng\d
=044  \\$aBE
=046  \\$k2024-06-10$l2024-06-10
=100  \\$aParra Cancino, Juan$1http://www.wikidata.org/entity/Q52833571$4Creator$916990
=111  \\$aAn Immersive Journey Through Early Electronic Works of… NHK Studios$cKoetshuis Orpheus Instituut$dJune 10 2024$gLecture Performance
=245  \\$aAn Immersive Journey Through Early Electronic Works of… NHK Studios
=260  \\$c2024
=366  \\$b2024-06-10
=500  \\$aListening sessions of Early Electronic Music
=506  \\$aopen
=509  \\$aFRIS
=520  \\$aTape, Vinyl, and digital, multichannel fixed support pieces, presented in their original formats.
=591  \\$a0
=610  \0$aMusic, Thought and Technology$926934
=856  \\$3Universal Resource Locator$uhttps://orpheusinstituut.be/en/news-and-events/an-immersive-journey-through-early-electronic-works-of
=942  \\$cNWO
=952  \\$00$10$2ddc$40$70$926643$aORPH$bORPH$d2025-04-30$l0$r2025-04-30 12:13:21$w2025-04-30$yNWO
=999  \\$d22690

