=LDR  01001njm a22002777a 4500
=001  22691
=008  240201s2024\\\\||||||||\||||\00|\0\eng\d
=041  \\$aeng
=044  \\$aBE
=046  \\$k2024-11-06$l2024-11-09
=100  \\$aParra Cancino, Juan$1http://www.wikidata.org/entity/Q52833571$4Creator$eNetwork tools$916990
=111  \\$aNowNet Arts 2024: Network Arts Aesthetics$conline$dNovember 6-9, 2024$gConference
=245  \\$aNowNet Arts 2024: Network Arts Aesthetics
=260  \\$c2023
=366  \\$b2024-11-06
=500  \\$aNetwork Arts conference, distributed online and in a number of "Satellite hosts"
=506  \\$aopen
=509  \\$aFRIS
=520  \\$aOnline conference
=591  \\$a1
=610  \0$aMusic, Thought and Technology$926934
=773  \\$tNowNet Arts
=856  \\$3Universal Resource Locator$uhttps://nownetarts.org/nownet-arts-conference-2024
=942  \\$cNWO
=952  \\$00$10$2ddc$40$70$926644$aORPH$bORPH$d2025-04-30$l0$r2025-04-30 12:20:43$w2025-04-30$yNWO
=999  \\$d22691

