=LDR  01799nab a22002537a 4500
=001  22692
=005  20251021133854.0
=008  240129s2024\\\\||||||||\||||\00|\0\eng\d
=041  \\$aeng
=100  \\$aForment, Bruno$1https://orcid.org/0000-0002-0157-5485$4First Author$920844
=245  \\$aThe Illusion of an Illusion: Recreating a Historic Set of the Schouwburg Kortrijk
=246  \1$bDie Illusion einer Illusion. Faksimile eines historischen Bühnenbildes aus dem Theater von Kortrijk
=366  \\$b2024-08-01
=506  \\$aopen
=509  \\$aFRIS
=520  \\$aAn uncommon silhouette made an appearance at recent editions of the Wiener Festwochen, Kunstenfestivaldesarts, Holland Festival, and the Ruhrtriënnale: a tropical forest made out of paint, textile, and wood. Audiences in four countries could witness the resurrection of Albert Dubosq’s “Forêt asiatique” (1921), a stock set from the Belle Époque, drawn from the caverns of Belgian theater history. This enchanted journey into the past was made possible by a unique collaboration between artists, scholars, and the theater industry, all in order to make a piece of theatrical heritage venture beyond Flanders and the limits of patrimonial rules. This article discloses the story that gave birth to the ‘illusion of an illusion,’ commencing with a discussion of the set’s historical context.
=591  \\$aEditorial review
=600  \0$aDubosq, Albert$1http://www.wikidata.org/entity/Q26212478$940126
=610  \0$aResounding Libraries: Unfolding Archived Knowledge Through Artistic Research $926404
=650  \0$aScenography$1http://www.wikidata.org/entity/Q737201$921278
=773  \\$g12,0, 34-59$tDie Vierte Wand$x23667184
=856  \\$3Universal Resource Locator$uhttps://dieviertewand.com/
=942  \\$cART
=999  \\$d22692

