=LDR  01065njm a22002537a 4500
=001  22693
=008  240201s2024\\\\||||||||\||||\00|\0\eng\d
=041  \\$aeng
=044  \\$aBE
=046  \\$k2024-07-08$l2024-07-12
=100  \\$aParra Cancino, Juan$1http://www.wikidata.org/entity/Q52833571$4Creator$916990
=111  \\$a'Luigi Nono: Resonances' Sumer School 2024$cOrpheus Institute$dJuly 2-8, 2024$gWorkshop
=245  \\$a'Luigi Nono: Resonances' Summer School 2024
=260  \\$c2024
=366  \\$b2024-07-02
=500  \\$aSummer school organised by a group of Orpheus Researchers, around the figure and work of Luigi Nono
=506  \\$aopen
=509  \\$aFRIS
=520  \\$aSeveral courses focused on Luigi Nono's reperotire, through the lens of instrumental practices (piano, violin, flute), compositional practices and Electronic practices.
=591  \\$aEditorial review
=610  \0$aMusic, Thought and Technology$926934
=856  \\$3Universal Resource Locator$uhttps://orpheusinstituut.be/en/news-and-events/luigi-nono-resonances
=942  \\$cNWO
=999  \\$d22693

