=LDR  01215naa a22002177a 4500
=001  22694
=008  240129s2024\\\\||||||||\||||\00|\0\eng\d
=041  \\$aeng
=100  \\$aImpett, Jonathan$1http://www.wikidata.org/entity/Q75760724$4First Author$916357
=245  \\$aNows, Thens, and Truths: Attending to the Present in Performing the Past
=260  \\$aNew York$bOxford University Press$c2024
=366  \\$b2024-10-07
=506  \\$aClosed
=509  \\$aFRIS
=520  \\$aThis chapter has two modest points to make. First, that the very notion of ‘early music’ tends
to distract its practitioners from the need to engage critically with the present, and that such
engagement is complicated precisely by its historical positioning. And second – more
speculatively, perhaps – that ours is a moment of epochal re-orientation in terms of global
history and cultures, and that this presents both challenges and opportunities for the current
practices of early music.
=591  \\$aEditorial review
=610  \0$aMusic, Thought and Technology$926934
=773  \\$g168-186$tEarly Music in the 21st Century$z9780197683071
=856  \\$3DOI$uhttps://doi.org/10.1093/oso/9780197683064.001.0001
=942  \\$cCHA
=999  \\$d22694

