=LDR  02121nam a22002777a 4500
=001  22695
=005  20251021133854.0
=008  240201s2024\\\\||||||||\||||\00|\0\eng\d
=041  \\$aeng
=044  \\$aPL
=046  \\$k2024-05-22$l2025-05-26
=100  \\$aForment, Bruno$d1978-$1https://orcid.org/0000-0002-0157-5485$4Creator$920844
=111  \\$aCOST Action 21161 – EarlyMuse$cUniversytet Wrocławski$d22-26 May 2024$gWorkshop
=245  \\$aRethinking the discovery of early music + Living differently with known early music
=260  \\$aBrussels$bCOST$c2023
=366  \\$b2024-05-22
=506  \\$aopen
=509  \\$aFRIS
=520  \\$aDiscussions held at the REMA Summit in Bruges last December highlighted the growing role of research in the early music ecosystem, accompanied by an increasing demand for complementary skills. These skills range from exploring new avenues in musicological and artistic research to mastering dramaturgy, organization, copywriting, and audiovisual and digital technologies to effectively communicate the results of historically informed performance. While the concept of ‘storytelling’ to convey the full narrative of early music from score to performance is undoubtedly a positive strategy for bridging research with performance and audience engagement, it requires substantial (often unpaid) effort.

Nevertheless, examples demonstrate that researchers and performers of early music have significantly enhanced their efficiency and adeptly embraced the role of ‘storytellers.’ Moreover, technological advancements have made storytelling tools more affordable and user-friendly. During our meeting, we aim to gather and discuss a selection of best practices and derive broader recommendations from them for our report.
=591  \\$aEditorial review
=610  \0$aResounding Libraries: Unfolding Archived Knowledge Through Artistic Research $926404
=650  \0$aEarly music$1http://www.wikidata.org/entity/Q436016$93160
=773  \\$tCOST Action 21161 – EarlyMuse, Workgroup 4
=856  \\$3Universal Resource Locator$uhttps://earlymuse.eu/
=942  \\$cNWO
=999  \\$d22695

