=LDR  01476nab a22002537a 4500
=001  22696
=005  20251021133854.0
=008  240129s2024\\\\||||||||\||||\00|\0\dut\d
=041  \\$adut
=100  \\$aForment, Bruno$d1978-$1https://orcid.org/0000-0002-0157-5485$4First Author$920844
=245  \\$aNieuwe oude muziek: routines herdenken met de Koopmancollectie
=246  \1$aNew early music: rethinking routines with the Koopman Collection
=366  \\$b2024-09-01
=506  \\$aopen
=509  \\$aFRIS
=520  \\$aCultureel erfgoed en artistiek onderzoek zijn al decennialang trouwe partners in de muziek. Nu eens dansen ze een sensuele tango, dan weer een diabolische twist waarbij vurige vonken in het rond vliegen. Een illustratie hiervan is de historische uitvoeringspraktijk, die wereldwijd weerklank heeft gevonden. Kritische reflectie blijft echter aan de orde. De Ton Koopmancollectie in het Gentse Orpheus Instituut biedt hiervoor een gedroomd instrument.
=591  \\$aEditorial review
=600  \0$aKoopman, Ton$1https://orcid.org/0009-0005-0297-0216$1http://www.wikidata.org/entity/Q445121$910491
=610  \0$aResounding Libraries: Unfolding Archived Knowledge Through Artistic Research $926404
=650  \0$aLibrary$1http://www.wikidata.org/entity/Q7075$94229
=773  \\$g17, 3, 24-28$tfaro. tijdschrift over cultureel erfgoed$x20303777
=856  \\$3Universal Resource Locator$uhttps://issuu.com/faronet/docs/faro_2024_17_3_issuu
=942  \\$cART
=999  \\$d22696

