=LDR  00877njm a22002537a 4500
=001  22697
=008  240201s2024\\\\||||||||\||||\00|\0\eng\d
=044  \\$aBE
=046  \\$k2024-09-06$l2024-09-09
=100  \\$aParra Cancino, Juan$1http://www.wikidata.org/entity/Q52833571$4Creator$eElectronics$916990
=111  \\$aLabRam + Warm$cOrpheus Institute, Ghent$dSeptember 6, 2024$gPresentation
=245  \\$a“Opaque Technologies”
=260  \\$c2024
=366  \\$b2024-09-06
=500  \\$aSolo Lecture
=506  \\$aopen
=509  \\$aFRIS
=591  \\$aEditorial review
=610  \0$aMusic, Thought and Technology$926934
=773  \\$tLabRam + Warm
=856  \\$3Universal Resource Locator$uhttps://www.verdiravenna.it/offerta-formativa/labram-2024/
=942  \\$cNWO
=952  \\$00$10$2ddc$40$70$926645$aORPH$bORPH$d2025-04-30$l0$r2025-04-30 17:25:36$w2025-04-30$yNWO
=999  \\$d22697

