=LDR  00939njm a22002417a 4500
=001  22698
=008  240201s2024\\\\||||||||\||||\00|\0\eng\d
=044  \\$aBE
=046  \\$k2024-09-16$l2024-09-21
=100  \\$aParra Cancino, Juan$1http://www.wikidata.org/entity/Q52833571$4Creator$eElectronics$916990
=111  \\$a“Fostering Artistic Research in Music”. (FARM)$cOrpheus Institute, Ghent$dSeptember 16-21, 2024$gPresentation
=245  \\$a“Opaque Technologies”
=260  \\$c2024
=366  \\$b2024-09-18
=500  \\$aSolo Lecture and demonstration
=506  \\$aopen
=509  \\$aFRIS
=591  \\$aEditorial review
=610  \0$aMusic, Thought and Technology$926934
=773  \\$t"Fostering Artistic Research in Music”. (FARM) 
=856  \\$3Universal Resource Locator$uhttps://conservatoriosantacecilia.it/wp-content/uploads/2023/01/FARM_Erasmus-Blended-Intensive-Programme_call_for_application.pdf
=942  \\$cNWO
=999  \\$d22698

