=LDR  00836njm a22002297a 4500
=001  22699
=008  240201s2024\\\\||||||||\||||\00|\0\eng\d
=044  \\$aDE
=100  \\$aParra Cancino, Juan$1http://www.wikidata.org/entity/Q52833571$4Creator$eElectronics$916990
=111  \\$a"(Virtual) Presence!? Musical performances in hybrid spaces"$cFreie Universität Berlin$gLecture Performance
=245  \\$aOpaque Technologies
=260  \\$c2024
=366  \\$b2023-01-01
=500  \\$aLecture and networked performance
=506  \\$aopen
=509  \\$aFRIS
=520  \\$asolo electronics and networked ensemble
=591  \\$aEditorial review
=610  \0$aMusic, Thought and Technology$926934
=856  \\$3Universal Resource Locator$uhttps://degemnewsplus.blogspot.com/2024/06/fwd-einladung-zum-symposium-virtual.html
=942  \\$cNWO
=999  \\$d22699

