=LDR  01274njm a22002897a 4500
=001  22700
=008  240201s2024\\\\||||||||\||||\00|\0\eng\d
=041  \\$aspa
=044  \\$aCL
=046  \\$k2024-10-02$l2024-10-04
=100  \\$aParra Cancino, Juan$1http://www.wikidata.org/entity/Q52833571$4Creator$eGuitar, Electronics$916990
=111  \\$aII Congreso Latinoamericano de Práctica Artística como Investigación$cPontificia Universidad Católica de Chile$dOctober 2-4, 2024$gConference
=245  \\$aTecnologías Opacas
=246  \1$aOpaque Technologies
=260  \\$c2023
=366  \\$b2024-10-02
=500  \\$aKeynote Lecture, and performance for the faculty and Students of the Catholic University, Chile
=506  \\$aopen
=509  \\$aFRIS
=520  \\$aguitar, electronics and networked trumpet
=591  \\$aEditorial review
=610  \0$aMusic, Thought and Technology$926934
=773  \\$tII Congreso Latinoamericano de Práctica Artística como Investigación
=856  \\$3Universal Resource Locator$uhttps://www.jar-online.net/es/comentarios-al-ii-congreso-latinoamericano-de-practica-artistica-como-investigacion-santiago-de
=942  \\$cNWO
=952  \\$00$10$2ddc$40$70$926647$aORPH$bORPH$d2025-04-30$l0$r2025-04-30 17:59:52$w2025-04-30$yNWO
=999  \\$d22700

