=LDR  01046njm a22002777a 4500
=001  22702
=008  240201s2024\\\\||||||||\||||\00|\0\eng\d
=041  \\$aspa
=044  \\$aCL
=046  \\$k2024-09-26$l2024-09-27
=100  \\$aParra Cancino, Juan$1http://www.wikidata.org/entity/Q52833571$4Creator$eGuitar, Electroncis$916990
=245  \\$aTecnologías Opacas
=246  \1$aOpaque Technologies
=260  \\$c2024
=366  \\$b2024-09-26
=500  \\$aWorkshop, lecture, and performance for the faculty and Students of the Universidad Austral of Valdivia, Chile
=506  \\$aopen
=509  \\$aFRIS
=520  \\$aguitar, electronics and networked trumpet
=591  \\$aEditorial review
=610  \0$aMusic, Thought and Technology$926934
=773  \\$tOpaque Technologies
=856  \\$3Universal Resource Locator$uhttps://arquitectura-artes.uach.cl/eventos/seminario-en-investigacion-artistica-linea-vinculante/
=942  \\$cNWO
=952  \\$00$10$2ddc$40$70$926648$aORPH$bORPH$d2025-04-30$l0$r2025-04-30 18:00:22$w2025-04-30$yNWO
=999  \\$d22702

