=LDR  01014njm a22002537a 4500
=001  22705
=008  240201s2024\\\\||||||||\||||\00|\0\eng\d
=044  \\$aFR
=046  \\$k2024-03-19$l2024-03-22
=100  \\$aParra Cancino, Juan$1http://www.wikidata.org/entity/Q52833571$4Creator$eguitar, electronics$916990
=111  \\$aIrcam Forum: 30 years$cIRCAM, Paris, France$dMarch 19-22. 2024$gLecture Performance
=245  \\$aThree States of Wax
=260  \\$c2024
=366  \\$b2024-03-19
=500  \\$aLecture performance of Three States of Wax (Juan Parra Cancino, guitar + electronics & Jonathan Impett, trumpet + electronics)
=506  \\$aopen
=509  \\$aFRIS
=520  \\$aguitar, trumpet, and electronics.
=591  \\$aEditorial review
=610  \0$aMusic, Thought and Technology$926934
=773  \\$tIrcam Forum: 30 years
=856  \\$3Universal Resource Locator$uhttps://forum.ircam.fr/article/detail/three-states-of-wax-the-nature-of-material-in-live-electronic-improvisation/
=942  \\$cNWO
=999  \\$d22705

