=LDR  00977njm a22002657a 4500
=001  22706
=008  240201s2024\\\\||||||||\||||\00|\0\eng\d
=044  \\$aNorthern Ireland
=046  \\$k2024-02-12$l2024-02-16
=100  \\$aParra Cancino, Juan$1http://www.wikidata.org/entity/Q52833571$4Creator$916990
=111  \\$aSARC residence$cSonic Arts Research Centre, Queen's University Belfast, Northern Ireland$dFebruary 12-16, 2024$gLecture Performance
=245  \\$aSARC residence
=260  \\$c2024
=366  \\$b2024-02-12
=500  \\$aLecture, workshop, and Performance of MTT
=506  \\$aopen
=509  \\$aFRIS
=520  \\$aguitar, electronics
=591  \\$aEditorial review
=610  \0$aMusic, Thought and Technology$926934
=773  \\$tSARC residence
=856  \\$3Universal Resource Locator$uhttps://www.youtube.com/watch?v=CD5c5Hvu_GI
=942  \\$cNWO
=952  \\$00$10$2ddc$40$70$926651$aORPH$bORPH$d2025-05-02$l0$r2025-05-02 17:03:33$w2025-05-02$yNWO
=999  \\$d22706

