=LDR  00948njm a22002657a 4500
=001  22707
=008  240201s2024\\\\||||||||\||||\00|\0\eng\d
=044  \\$aUS
=046  \\$k2024-02-18$l2024-02-18
=100  \\$aParra Cancino, Juan$1http://www.wikidata.org/entity/Q52833571$4Creator$eguitar, electronics$916990
=111  \\$a50 years of CCRMA$cCCRMA, Stanford University, and online$d18 February 2024$gLive Streaming
=245  \\$a50 years of CCRMA
=260  \\$c2023
=366  \\$b2023-01-01
=500  \\$aLive Stream network performance of "The Core"
=506  \\$aopen
=509  \\$aFRIS
=520  \\$aguitar, electronics
=591  \\$aEditorial review
=610  \0$aMusic, Thought and Technology$926934
=773  \\$t50 years of CCRMA
=856  \\$3Universal Resource Locator$uhttps://hvc.berlin/projects/the_core/
=942  \\$cNWO
=952  \\$00$10$2ddc$40$70$926652$aORPH$bORPH$d2025-05-02$l0$r2025-05-02 17:10:43$w2025-05-02$yNWO
=999  \\$d22707

