=LDR  01036njm a22002657a 4500
=001  22710
=008  240201s2024\\\\||||||||\||||\00|\0\eng\d
=044  \\$aDE
=046  \\$k2024-09-12
=100  \\$aParra Cancino, Juan$1http://www.wikidata.org/entity/Q52833571$4Creator$eLive Electronics$916990
=111  \\$aMusikFabrik concert at Zentrifuge, Bonn$cZentrifuge, Bonn, DE$d12 September 2024$gConcert
=245  \\$aDELL’AZZURRO SILENZIO
=246  \1$aOF THE BLUE SILENCE$bVAN DE BLAUWE STILTE
=260  \\$c2024
=366  \\$b2024-09-12
=500  \\$aPerformances with MusikFabrik.  
September 12, 2024, 20hrs  Zentrifuge Bonn, DE
Music by Luigi Nono

=506  \\$aopen
=509  \\$aFRIS
=520  \\$aLive Electronics
=591  \\$aEditorial review
=610  \0$aMusic, Thought and Technology$926934
=856  \\$3Universal Resource Locator$uhttps://www.musikfabrik.eu/en/calendar/dellazzurro-silenzio/
=942  \\$cNWO
=952  \\$00$10$2ddc$40$70$926655$aORPH$bORPH$d2025-05-02$l0$r2025-05-02 17:25:33$w2025-05-02$yNWO
=999  \\$d22710

