=LDR  01811nam a22003017a 4500
=001  22713
=005  20251009081722.0
=008  240105s2024\\\\||||||||\||||\00|\0\eng\d
=020  \\$a9781032602400
=041  \\$aeng
=044  \\$aUS
=100  \\$aŁukawski, Adam$1https://orcid.org/0000-0003-2147-7214$4edt$926642
=245  \\$aDecentralized Music: Exploring Blockchain for Artistic Research
=250  \\$a1st ed.
=260  \\$aBoca Raton, FL, USA$bCRC Press, Taylor & Francis$c2024
=300  \\$a208
=366  \\$b2024-08-14
=506  \\$aClosed
=509  \\$aFRIS
=520  \\$aThis book offers a thorough exploration of the potential of blockchain and AI technologies to transform musical practices. Including contributions from leading researchers in music, arts, and technology, it addresses central notions of agency, authorship, ontology, provenance, and ownership in music.

Together, the chapters of this book, often navigating the intersections of post-digital and posthumanist thought, challenge conventional centralized mechanisms of music creation and dissemination, advocating for new forms of musical expression.

Stressing the need for the artistic community to engage with blockchain and AI, this volume is essential reading for artists, musicians, researchers, and policymakers curious to know more about the implications of these technologies for the future of music.
=591  \\$aEditorial review
=610  \0$aMetamusicX:Transdisciplinary Encounters in and Beyond Music$926932
=650  \0$aMusic$1http://www.wikidata.org/entity/Q638$92062
=650  \0$aBlockchain$1http://www.wikidata.org/entity/Q20514253$941038
=700  \\$aAssis, Paulo de$1https://orcid.org/0000-0001-6238-1417$4Editor$916044
=856  \\$3DOI$uhttps://doi.org/10.1201/9781003458227
=942  \\$cBOO
=999  \\$d22713

