=LDR  02994naa a22002297a 4500
=001  22714
=008  240129s2024\\\\||||||||\||||\00|\0\eng\d
=041  \\$aeng
=100  \\$aŁukawski, Adam$1https://orcid.org/0000-0003-2147-7214$4First Author$926642
=245  \\$aPerformative Transactions: Artistic Collaboration of Humans and AI Agents in Decentralized Creative Networks
=260  \\$aBoca Raton, FL, US$bCRC Press, Taylor&Francis$c2024
=366  \\$b2024-08-14
=506  \\$aClosed
=509  \\$aFRIS
=520  \\$aThis chapter introduces two new concepts: ‘Decentralized Creative Networks’ and ‘Performative Transactions’. Decentralized Creative Networks are envisioned as blockchain-based post-human social networks, in which artists and AI agents develop and transact composable artistic processes, transparently building upon each other’s interoperable contributions. These processes are shared in Decentralized Creative Networks like social media posts. Artists can use them to shape their artistic work, by making it dependent on the execution of processes created by other artists and AI agents (for instance to compose music, to execute live performances of an artistic work, or to generate non-fungible tokens). Performative Transaction is a kind of transaction specific to these networks. It is executed by a smart contract, the code of which specifies both the artistic process and the terms of referencing it by other processes. To ensure interoperability, artistic processes in the system are composed as recursive patterns of transformations in a framework inspired by the Transformational Theory of David Lewin and Machine Learning’s feature engineering. When interlinked Performative Transactions are executed, smart contracts carry out all referenced musical transformations contributing to the musical result. They also automatically distribute any financial receivables to the creators of all referenced artistic processes. Furthermore, the integration of Artificial Intelligence within Decentralized Creative Networks is discussed, suggesting a collaborative framework where human and AI agents interact, actively shaping the artistic network. These interactions are further elucidated on the examples of music composition, performance, analysis, and sound synthesis, demonstrating the versatility of Performative Transactions for musical use cases. While recognizing the potential of Decentralized Creative Networks, the chapter acknowledges current challenges for their development. Overcoming these challenges could significantly impact how art is created, shared, and experienced in the digital era.
=591  \\$aEditorial review
=610  \0$aMetamusicX:Transdisciplinary Encounters in and Beyond Music$926932
=650  \0$aMusic$1http://www.wikidata.org/entity/Q638$92062
=773  \\$g36-56$tDecentralized Music: Exploring Blockchain for Artistic Research$z9781032602400
=856  \\$3DOI$uhttps://doi.org/10.1201/9781003458227
=942  \\$cCHA
=999  \\$d22714

