=LDR  01677naa a22002297a 4500
=001  22715
=008  240129s2024\\\\||||||||\||||\00|\0\eng\d
=041  \\$aeng
=100  \\$aŁukawski, Adam$1https://orcid.org/0000-0003-2147-7214$4First Author$926642
=245  \\$aIntroduction: Blockchain for Artistic Research
=260  \\$aBoca Raton, FL, US$bCRC Press, Taylor&Francis$c2024
=366  \\$b2024-08-14
=506  \\$aClosed
=509  \\$aFRIS
=520  \\$aBook introduction by the editors. This book offers a thorough exploration of the potential of blockchain and AI technologies to transform musical practices. Including contributions from leading researchers in music, arts, and technology, it addresses central notions of agency, authorship, ontology, provenance, and ownership in music.

Together, the chapters of this book, often navigating the intersections of post-digital and posthumanist thought, challenge conventional centralized mechanisms of music creation and dissemination, advocating for new forms of musical expression.

Stressing the need for the artistic community to engage with blockchain and AI, this volume is essential reading for artists, musicians, researchers, and policymakers curious to know more about the implications of these technologies for the future of music.
=591  \\$aEditorial review
=610  \0$aMetamusicX:Transdisciplinary Encounters in and Beyond Music$926932
=700  \\$aAssis, Paulo de$1https://orcid.org/0000-0001-6238-1417$4Last Author$916044
=773  \\$g1-11$tDecentralized Music: Exploring Blockchain for Artistic Research$z9781032602400
=856  \\$3DOI$uhttps://doi.org/10.1201/9781003458227
=942  \\$cCHA
=999  \\$d22715

