=LDR  01964npm a22002417a 4500
=001  22716
=008  240201s2024\\\\||||||||\||||\00|\0\eng\d
=041  \\$aeng
=044  \\$aNL
=046  \\$k2024-01-29$l2024-03-13
=100  \\$aŁukawski, Adam$1https://orcid.org/0000-0003-2147-7214$4Creator$926642
=111  \\$aGuest Teaching Posthuman Creativity Labs at the Creative Performance Labs course$cConservatorium van Amsterdam$d29/01/2024, 30/01/2024, 12/02/2024, 13/02/2024$gWorkshop
=245  \\$aPosthuman Creativity Labs: Artificial Intelligence and Blockchain in Music (guest teacher at Creative Performance Labs, additional course)
=260  \\$aAmsterdam, The Netherlands$bConservatorium van Amsterdam$c2024
=366  \\$b2023-01-01
=506  \\$aopen
=509  \\$aFRIS
=520  \\$aThe focus of this course is on how existing AI (Artificial Intelligence) and blockchain tools can
enhance the creative capabilities of a musician today and how does this change the creative
practices that we know. The aim is to provide to participants the basic knowledge about the new
paradigms of (digital) art creation and dissemination and to navigate them towards the digital tools
enabling post-human creativity to become part of their own artistic practice. Some of the questions
that the course strives to answer are: how can human creativity be enhanced by Artificial
Intelligence? What are the good techniques for music composition with AI and blockchain? How is
the definition of a work of art different today than 300 years ago and 100 years ago? What is the
purpose of decentralised music? What is the agency of the work of art in the post-human era? Can
the work of art posses itself?
=591  \\$a0
=610  \0$aMetamusicX:Transdisciplinary Encounters in and Beyond Music$926932
=856  \\$3Universal Resource Locator$uhttps://www.conservatoriumvanamsterdam.nl/en/study/classical-music/principal-subjects/creative-performance-lab/
=942  \\$cNWO
=999  \\$d22716

