=LDR  01952npm a22002657a 4500
=001  22717
=008  240201s2024\\\\||||||||\||||\00|\0\eng\d
=041  \\$aeng
=044  \\$aNL
=046  \\$k2024-12-08$l2024-12-08
=100  \\$aŁukawski, Adam$1https://orcid.org/0000-0003-2147-7214$4Creator$926642
=111  \\$aIn the Making 8: Musical Networks and Algorithmic Emergence in the Times of Artificial Intelligence$cWest Den Haag, Den Haag, Netherlands$d08/12/2024$gPresentation
=245  \\$aIn the Making 8: Musical Networks and Algorithmic Emergence in the Times of Artificial Intelligence
=260  \\$aRapenburg 70, 2311 EZ Leiden, Netherlands$bAcademy of Creative and Performing Arts, Leiden University$c2024
=366  \\$b2024-12-08
=506  \\$aopen
=509  \\$aFRIS
=520  \\$aIn the Making #8: Musical Networks and Algorithmic Emergence in the Times of Artificial Intelligence

This public evening addresses the increasing entanglement of music, digital networks, and algorithmic processes in artistic practices today. As artificial intelligence and decentralized technologies gain prominence, they challenge traditional notions of creativity, authorship, and collaboration in the arts. Exploring these topics is crucial now, as they reshape not only how music is made and shared but also its aesthetic and social dimensions.

Presenters: Adam Lukawski, with guests Martin Zeilinger and Sonia de Jager
=591  \\$aEditorial review
=610  \0$aMetamusicX:Transdisciplinary Encounters in and Beyond Music$926932
=700  \\$aZeilinger, Martin$1https://www.orcid.org/0000-0001-6576-4253$4ctb$926933
=773  \\$tIn the Making #8: Musical Networks and Algorithmic Emergence in the Times of Artificial Intelligence
=856  \\$3Universal Resource Locator$uhttps://www.universiteitleiden.nl/en/events/2024/11/in-the-making-2-musical-networks-and-algorithmic-emergence-in-the-times-of-artificial-intelligence
=942  \\$cNWO
=999  \\$d22717

