=LDR  01428npm a22002537a 4500
=001  22718
=008  240201s2024\\\\||||||||\||||\00|\0\eng\d
=041  \\$aeng
=044  \\$aNL
=046  \\$k2024-12-08$l2024-12-08
=100  \\$aŁukawski, Adam$1https://orcid.org/0000-0003-2147-7214$4Creator$926642
=111  \\$aIn the Making #8: Musical Networks and Algorithmic Emergence in the Times of Artificial Intelligence$cWest Den Haag, Den Haag, The Netherlands$d08/12/2024$gPresentation
=245  \\$aOn the future of emergent algorithmic agencies in music
=260  \\$aRapenburg 70, 2311 EZ Leiden, Netherlands$bAcademy of Creative and Performing Arts, Leiden University 2024$c2024
=366  \\$b2024-12-08
=506  \\$aopen
=509  \\$aFRIS
=520  \\$aLecture titled "On the future of emergent algorithmic agencies in music", presenting new paradigms of music creation with blockchain and AI technologies. Related to such concepts as music composition, Performative Transactions, Decentralised Creative Networks, algorithmic agency, artificial intelligence, blockchain in music, artistic research. 
=591  \\$a0
=610  \0$aMetamusicX:Transdisciplinary Encounters in and Beyond Music$926932
=773  \\$tIn the Making #8: Musical Networks and Algorithmic Emergence in the Times of Artificial Intelligence
=856  \\$3Universal Resource Locator$uhttps://youtu.be/yEIhePvh2yU?feature=shared
=942  \\$cNWO
=999  \\$d22718

