=LDR  02996nam a22003137a 4500
=001  22719
=005  20251021133854.0
=008  240201s2024\\\\||||||||\||||\00|\0\eng\d
=041  \\$aita
=044  \\$aIT
=046  \\$k2024-04-11$l2025-04-13
=100  \\$aForment, Bruno$d1978-$1https://orcid.org/0000-0002-0157-5485$4Creator$920844
=111  \\$aIl secolo di Mercedes Viale Ferrero: convegno internazionale di studi$cTurin$d10-13 April 2024$gConference
=245  \\$a"Tout le luxe de mise en scène": l'eccezionale eredità scenografica di Albert Dubosq (1863-1940)
=246  \1$a"Tout le luxe de mise en scène": the exceptional scenic legacy of Albert Dubosq (1863-1940)
=260  \\$aAula Magna della Cavallerizza$bUniversità di Torino, Dipartimento di Studi Umanistici, Dipartimento di Studi Storici$c2023
=366  \\$b2024-04-11
=506  \\$aClosed
=509  \\$aFRIS
=520  \\$aThis paper explores the remarkable scenographic legacy of Albert Dubosq, a prolific painter-decorator whose career encompassed over 466 theatrical productions across Belgium, France, the Netherlands, Austria-Hungary, and the UK. Unlike many of his peers, Dubosq left behind a unique and tangible corpus: a vast collection of full-scale stage sets preserved in Courtrai, Belgium, and over 800 maquette elements rediscovered in Grenoble. These materials reveal Dubosq’s vibrant pleinairist aesthetic and innovative responses to the evolving stage technologies of the fin-de-siècle.

This presentation examines Dubosq’s collaborative workshop model, stylistic lineage, and iconographic strategies—foregrounding his adaptation of scenic topoi to support operatic and dramatic repertories. His preserved works challenge assumptions that early 20th-century scenic practice has vanished beyond study. Instead, they offer insight into performance conventions, painterly methods, and repertory logic in the era of electric lighting and increasing visual sophistication. Dubosq’s scenic designs for operas such as Aida, Lakmé, and La Bohème demonstrate a deep fidelity to original stage directions while illuminating his personal style rooted in the light and color theories of Impressionism.

Ultimately, this research responds to the call of Mercedes Viale Ferrero for a historical iconographia theatralis: a theatrical visual lexicon linking dramaturgy, scenography, and audience memory.
=591  \\$a1
=600  \0$aDubosq, Albert$1http://www.wikidata.org/entity/Q26212478$940126
=610  \0$aResounding Libraries: Unfolding Archived Knowledge Through Artistic Research $926404
=650  \0$aScenography$1http://www.wikidata.org/entity/Q737201$921278
=650  \0$aTopos$1http://www.wikidata.org/entity/Q15177520$925740
=773  \\$tIl secolo di Mercedes Viale Ferrero: convegno internazionale di studi
=856  \\$3Universal Resource Locator$uhttps://www.unito.it/eventi/convegno-internazionale-il-secolo-di-mercedes-viale-ferrero-1924-2019-la-scenografia-la
=942  \\$cNWO
=999  \\$d22719

