=LDR  01993nab a22002537a 4500
=001  22720
=008  240129s2024\\\\||||||||\||||\00|\0\ger\d
=041  \\$ager
=100  \\$aAssis, Paulo de$1https://orcid.org/0000-0001-6238-1417$4First Author$916044
=245  \\$aWendepunkt Klavier? Zu Luigi Nonos Neuorientierung ab ..... sofferte onde serene...
=246  \1$aTurning Point Piano? On Luigi Nono's New Orientation after ..... sofferte onde serene...
=366  \\$b2024-07-01
=506  \\$aClosed
=509  \\$aFRIS
=520  \\$aLuigi Nono's ...sofferte onde serene... (1976-77) initiates a profound transformation in his compositional strategies, shifting from overt political messages to more nuanced explorations of sound. Focusing solely on one instrument, and recalibrating his compositional techniques, Nono took this piece as an opportunity to reconsider his musical thought and to deeply rethink the act of listening. Scrutinising this transformation from a musical perspective, this essay highlights Nono's renewed engagement with canonical and variation techniques taught by his early mentors Scherchen and Maderna, while also discussing the seamless integration of live and electronic sounds. Taking Nono's redefined musical language as an appeal to rethink listening as a critical process, this paper asserts the political potency of Nono's late style, suggesting that attentive listening is a political act, urging a reconsideration of musical engagement and the ethos of listening in a turbulent world.
=591  \\$a1
=600  \0$aNono, Luigi$1http://www.wikidata.org/entity/Q160451$917010
=600  \0$aPollini, Maurizio$1http://www.wikidata.org/entity/Q160058$916207
=600  \0$aMetzger, Heinz-Klaus$1http://www.wikidata.org/entity/Q88897$916532
=610  \0$aMetamusicX:Transdisciplinary Encounters in and Beyond Music$926932
=773  \\$g206, VII 2024, 25-45$tMusik-Konzepte$x09313311
=856  \\$3DOI$uhttps://doi.org/10.5771/9783967079678
=942  \\$cART
=999  \\$d22720

