=LDR  02113nab a22003017a 4500
=001  22721
=005  20251021133854.0
=008  240129s2023\\\\||||||||\||||\00|\0\eng\d
=041  \\$adut
=100  \\$aForment, Bruno$d1978-$1https://orcid.org/0000-0002-0157-5485$4First author$920844
=245  \\$aZoekend naar identiteit tussen taal en overtuiging: muziek en theater in Kortrijk tijdens de belle époque
=246  \1$aSearching for identity between language and conviction: music and theater in Kortrijk during the belle époque
=366  \\$b2023-01-01
=506  \\$aEmbargoed$g2028-01-01
=509  \\$aFRIS
=520  \\$aAround 1900, Kortrijk boasted a surprisingly vibrant musical life. Local choirs, brass bands, and symphonic ensembles performed in open-air kiosks and the municipal theatre. Their repertoires—ranging from Peter Benoit to Bizet—reflected a city navigating between Flemish cultural revival and French refinement. The annual travelling theatre fair drew large crowds, much to the dismay of Catholic and Flemish-nationalist circles, who fostered their own artistic platforms in groups like Vlaamsche Zonen. Around 1903, the city intervened: theatre became a public concern, culminating in the construction of a new City Theatre in neo-Flemish style. Music and theatre thus became not only artistic expressions but stages for ideological debate.
=591  \\$aEditorial review
=610  \0$aResounding Libraries: Unfolding Archived Knowledge Through Artistic Research $926404
=650  \0$aTheater history$1http://www.wikidata.org/entity/Q1061140$94607
=650  \0$aMusic history$1http://www.wikidata.org/entity/Q846047$921373
=650  \0$aCatholicism$1http://www.wikidata.org/entity/Q1841$921631
=650  \0$aNationalism$1http://www.wikidata.org/entity/Q6235$921454
=650  \0$aOperetta$1http://www.wikidata.org/entity/Q170384$921651
=650  \0$aOpera$1http://www.wikidata.org/entity/Q1344 $92468
=773  \\$g65, 2, 165-186$tDe Leiegouw$x07761023
=856  \\$3Universal Resource Locator$uhttps://leiegouw.be/product/de-leiegouw-jg-65-2023-nr-2/
=942  \\$cART
=999  \\$d22721

