=LDR  01522naa a22003017a 4500
=001  22723
=005  20251021133854.0
=008  240105s2024\\\\||||||||\||||\00|\0\eng\d
=041  \\$adut
=044  \\$aBE
=100  \\$aForment, Bruno$d1978-$1https://orcid.org/0000-0002-0157-5485$4First Author$920844
=245  \\$a'Puur Bizet': interview met René Jacobs naar aanleiding van Carmen
=246  \1$a'Pure Bizet': interview with René Jacobs following Carmen
=260  \\$aAntwerp$bdeSingel$c2024
=366  \\$b2024-03-12
=506  \\$aopen
=509  \\$aFRIS
=520  \\$aPublished version of an interview with the conductor René Jacobs, Ghent, 24 September 2023
=591  \\$aEditorial review
=600  \0$aJacobs, René$d1946-$1http://www.wikidata.org/entity/Q43393$922410
=600  \0$aBizet, Georges$1http://www.wikidata.org/entity/Q56158$917932
=610  \0$aResounding Libraries: Unfolding Archived Knowledge Through Artistic Research $926404
=650  \0$aOpera$1http://www.wikidata.org/entity/Q1344 $92468
=650  \0$aHistorically informed performance$1http://www.wikidata.org/entity/Q1344860$920980
=773  \\$g5-9$tCarmen$z0000000000000
=856  \\$3Universal Resource Locator$uhttps://desingel.digital-asset.app/eyJ4IjoiaHR0cHM6Ly9tZWRpYS5kZXNpbmdlbC5iZS9tLzEwZDlhMWE0NWRkOWFmMTkvb3JpZ2luYWwvQ2FybWVuLnBkZiIsImsiOiJhNXBReDAwMDAwMGJQUEZJQTJfb3JpZ2luYWwucGRmIiwiYiI6ImdzOi8vZHNsLWRhbS1hc3NldHMifQ==?signature=2afc7a2cdf456c83b399a609ff678b656c48d63a5db12fabc350671cc18e54f2
=942  \\$cCHA
=999  \\$d22723

