=LDR  02206naa a22002057a 4500
=001  22724
=008  240129s2024\\\\||||||||\||||\00|\0\eng\d
=100  \\$aAssis, Paulo de$1https://orcid.org/0000-0001-6238-1417$4First Author$916044
=245  \\$aFrom the Work Concept to Hypermusic: Rethinking Musical Objects in-and-for Blockchain Technologies
=260  \\$aBoca Raton$bCRC Press, Taylor & Francis Group$c2024
=366  \\$b2024-08-14
=506  \\$aClosed
=509  \\$aFRIS
=520  \\$aThe practice of music - be it its composition, interpretation, performance, or listening - is deeply intertwined with the medium through which it is generated, transmitted, and preserved. Historically, music rooted in oral traditions relied heavily on human memory, passing down nuances through generations without the need for written notation. The advent of musical scores marked a shift, envisioning music as a textual entity that could be inscribed, interpreted, and realized in various forms. With the introduction of recordings, music assumed the character of fixed time-bound segments, capturing and preserving sonic events as permanent artifacts. The digital era further transformed music into retrievable data, subject to computational analysis and rendering, managed by specialists in digital humanities. In this evolving landscape, blockchain technologies have the potential to offer yet a new profound redefinition of music, portraying it as a constellation of infinite particles. This new medium facilitates not only human interaction but also algorithmic and computational participation, allowing for endless recombinations and creations in the musical landscape. This evolution of mediums reflects an ongoing redefinition of what music is and can be, with blockchain opening new horizons for understanding and creating music.
=591  \\$a1
=610  \0$aMetamusicX:Transdisciplinary Encounters in and Beyond Music$926932
=773  \\$g12-35$tDecentralized Music. Exploring Blockchain for Artistic Research$z9781032602400
=856  \\$3Universal Resource Locator$uhttps://www.taylorfrancis.com/books/edit/10.1201/9781003458227/decentralized-music-paulo-de-assis-adam-%C5%82ukawski
=942  \\$cCHA
=999  \\$d22724

