=LDR  01244nam a22002777a 4500
=001  22726
=005  20251021133854.0
=008  240201s2024\\\\||||||||\||||\00|\0\eng\d
=041  \\$adut
=044  \\$aBE
=046  \\$k2024-03-12
=100  \\$aForment, Bruno$d1978-$1https://orcid.org/0000-0002-0157-5485$4Creator$920844
=111  \\$aCarmen$cdeSingel, Antwerp$d12 March 2024$gConcert
=245  \\$aCarmen
=260  \\$aAntwerp$bdeSingel$c2024
=366  \\$b2024-03-12
=500  \\$aIntroduction to a concert
=506  \\$aopen
=509  \\$aFRIS
=591  \\$aEditorial review
=600  \0$aBizet, Georges$1http://www.wikidata.org/entity/Q56158$917932
=610  \0$aResounding Libraries: Unfolding Archived Knowledge Through Artistic Research $926404
=650  \0$aOpera$1http://www.wikidata.org/entity/Q1344 $92468
=856  \\$3Universal Resource Locator$uhttps://desingel.digital-asset.app/eyJ4IjoiaHR0cHM6Ly9tZWRpYS5kZXNpbmdlbC5iZS9tLzRmNjJiNmM4ZWY5MTY0ZDkvb3JpZ2luYWwvMjAyNDAzMTItaW5sZWlkaW5nLUItUm9jay1PcmNoZXN0cmEtb2x2LVJlbmUtSmFjb2JzLm1wMyIsImsiOiJhNXBReDAwMDAwMGJhN2xJQUFfb3JpZ2luYWwubXAzIiwiYiI6ImdzOi8vZHNsLWRhbS1hc3NldHMifQ==?signature=0b16fd786cc56060406d2d4a9c86ee76eb0f65b2c5bdeb50eb4f5289d70b430d
=942  \\$cNWO
=999  \\$d22726

