=LDR  00832nab a22002057a 4500
=001  22727
=008  240129s2024\\\\||||||||\||||\00|\0\eng\d
=041  \\$aeng
=100  \\$aAssis, Paulo de$1https://orcid.org/0000-0001-6238-1417$4First Author$916044
=245  \\$aBjørn Staal’s Entangled Aesthetics: The Intersection of Quantum Mechanics, Blockchain, and Contemporary Art
=366  \\$b2024-09-22
=506  \\$aopen
=509  \\$aFRIS
=520  \\$aAnalysis of a multimedia installation.
=591  \\$a0
=610  \0$aMetamusicX:Transdisciplinary Encounters in and Beyond Music$926932
=773  \\$g1, 0, 0-0$tfx(hash)$x12341234
=856  \\$3Universal Resource Locator$uhttps://www.fxhash.xyz/article/bjorn-staal's-entangled-aesthetics%3A-the-intersection-of-quantum-mechanics-blockchain-and-contemporary-art
=942  \\$cART
=999  \\$d22727

