=LDR  00734njm a22002297a 4500
=001  22728
=008  240201s2024\\\\||||||||\||||\00|\0\eng\d
=041  \\$aspa
=044  \\$aES
=046  \\$k2024-04-19$l2024-04-21
=100  \\$aAssis, Paulo de$1https://orcid.org/0000-0001-6238-1417$4Creator$916044
=245  \\$aCreative Performance Workshop
=260  \\$aMadrid$bKG Institute$c2024
=366  \\$b2024-04-21
=506  \\$aClosed
=509  \\$aFRIS
=591  \\$a0
=610  \0$aMetamusicX:Transdisciplinary Encounters in and Beyond Music$926932
=700  \\$eConductor
=856  \\$3Universal Resource Locator$uhttps://ikg.institute/en/artistic-research-programs-at-the-institute-katarina-gurska/dart-program/
=942  \\$cNWO
=999  \\$d22728

