=LDR  00549njm a22001937a 4500
=001  22730
=008  240201s2024\\\\||||||||\||||\00|\0\eng\d
=044  \\$aBE
=100  \\$aCaliman, Magno$1https://orcid.org/0000-0002-1231-0271$4Creator$925652
=245  \\$aSound Arguments
=260  \\$c2023
=366  \\$b2024-03-25
=506  \\$aopen
=509  \\$aFRIS
=591  \\$a1
=610  \0$aMusic, Thought and Technology$926934
=856  \\$3Universal Resource Locator$uhttps://orpheusinstituut.be/en/news-and-events/sound-arguments-2024
=942  \\$cNWO
=999  \\$d22730

