=LDR  00658nam a22001937a 4500
=001  22734
=008  240201s2024\\\\||||||||\||||\00|\0\eng\d
=044  \\$aFR
=100  \\$aBeghin, Tom$1http://www.wikidata.org/entity/Q93244160$1https://orcid.org/0000-0001-7919-8985$4Creator$917739
=245  \\$aMasterclass: Keyboard Music by C. P. E. Bach and Mozart
=260  \\$c2024
=366  \\$b2024-01-26
=506  \\$aopen
=509  \\$aFRIS
=591  \\$a1
=610  \0$aDeclassifying the Classics: Rhetoric, Technology, and Performance, 1750-1850$926931
=856  \\$3Universal Resource Locator$uhttps://conservatoires.paris.fr/conservatoires/crr
=942  \\$cNWO
=999  \\$d22734

