=LDR  01071nam a22002297a 4500
=001  22739
=008  240201s2024\\\\||||||||\||||\00|\0\eng\d
=041  \\$aeng
=044  \\$aBE
=100  \\$aBeghin, Tom$1http://www.wikidata.org/entity/Q93244160$1https://orcid.org/0000-0001-7919-8985$4Creator$917739
=245  \\$aLecture-recital: “Bis repetita placent: Mozart’s “Sonatas with Varied Reprises,” K 279–284”
=260  \\$c2023
=366  \\$b2024-09-17
=500  \\$aAbstract:
Elucidates the context for a counterfactual production (recording and new score) of Mozart “Sonatas with Varied Reprises,” K 279–284.

=506  \\$aopen
=509  \\$aFRIS
=520  \\$aFostering Artistic Research in Music (FARM), Orpheus Instituut
=591  \\$aEditorial review
=610  \0$aDeclassifying the Classics: Rhetoric, Technology, and Performance, 1750-1850$926931
=856  \\$3Universal Resource Locator$uhttps://conservatoriosantacecilia.it/wp-content/uploads/2024/04/FARM-2024-Erasmus-blended-intensive-programme-call-for-application.pdf
=942  \\$cNWO
=999  \\$d22739

