=LDR  02418nam a22002297a 4500
=001  22740
=008  240201s2024\\\\||||||||\||||\00|\0\eng\d
=041  \\$aeng
=044  \\$aBE
=100  \\$aBeghin, Tom$1http://www.wikidata.org/entity/Q93244160$1https://orcid.org/0000-0001-7919-8985$4Creator$917739
=245  \\$aLecture: Bis repetita placent: C. P. E. Bach, W. A. Mozart, and the Practice of Varied Reprises
=260  \\$c2024
=366  \\$b2024-08-03
=500  \\$aAbstract: 
In 1775 Leopold Mozart inquired with Breitkopf in Leipzig whether he might like to print an opus of keyboard sonatas by his son, Wolfgang Amadeus, “in the same manner as those of H: Philipp Carl Emanuel Bach mit veränderten Reprisen.” Pitching Wolfgang’s recently completed Sonatas K 279–284 (1774–75), Leopold may also have intended for his nineteen-year-old son to tap into a potentially lucrative amateur market. The publication did not happen, but the question is intriguing: what might such Mozart Sonatas with Varied Reprises have looked like?
            Some larger questions emerge. When performing classical keyboard sonatas, what happens when we submit ourselves to the expectation of continuous variation? How do we navigate the materiality of a printed score? What are the limits to incorporating our variants and at what point do we feel like starting over, and re-composing altogether? How do we tap into the eighteenth-century ideal of a keyboardist as composer-performer, while becoming sensitive to a musical culture that harbored a more fluent use of a musical work, tailored to the needs of a performer?
            These questions will be balanced against an exploration of rhetorical intent behind repetition and variation, Bach’s published thoughts on the matter, and own experiments of teaching and performing Mozart’s sonatas on a Stein fortepiano as the instrument that in 1777 became crucial in the professional life of a maturing improviser and composer.

=506  \\$aopen
=509  \\$aFRIS
=520  \\$aForte/Piano Summer Academy
Music Department, Cornell University (Ithaca, NY, US)

=591  \\$a1
=610  \0$aDeclassifying the Classics: Rhetoric, Technology, and Performance, 1750-1850$926931
=856  \\$3Universal Resource Locator$uhttps://historicalkeyboards.as.cornell.edu/fortepiano-summer-academy-2024-chamber-music-collective-piano-tech-academy-showcase
=942  \\$cNWO
=999  \\$d22740

