=LDR  01843njm a22002417a 4500
=001  22745
=008  240201s2024\\\\||||||||\||||\00|\0\eng\d
=024  \\$aEPRC 0066
=041  \\$aeng
=044  \\$aBE
=100  \\$aBeghin, Tom$1http://www.wikidata.org/entity/Q93244160$1https://orcid.org/0000-0001-7919-8985$4Creator$917739
=245  \\$aC. P. E. Bach: Sonatas with Varied Reprises, Wq 50
=260  \\$bEvil Penguin Classic$c2024
=366  \\$b2024-10-25
=500  \\$aAbstract:
Carl Philipp Emanuel Bach’s Sonatas with Varied Reprises (published in Berlin, 1760) constituted a bold experiment. Spelling out every repeat, Bach applies to each the art of variation. Starting off as a service (“play this and you’ll sound as if you’re improvising”), the opus ends up a masterclass in variation. Tom Beghin, playing his own beloved clavichord, enacts the role of the keyboardist-composer who repeats himself, while never saying the same thing twice.

=506  \\$aopen
=509  \\$aFRIS
=520  \\$aRecorded April 2–4, 2024, at Motormusic (Mechelen, Belgium)
Sound recording: Steven Maes, with George Georgiev and Lowie Peeters
Artistic supervision: Luca Montebugnoli
Clavichord preparation and tuning: Joris Potvlieghe
Sound editing: Tom Beghin
Sound mixing and mastering: Steven Maes
Research assistance: Anastasios Zafeiropoulos

Featured and reviewed at:
The Ultimate Classical Music Guide, by Dave Hurwitz, You Tube (Dec. 8, 2024) 

Awards:
Gramophone Editor’s Choice (November 2025)
Longlist Preis der deutschen Schallplattenkritik (February 2025)

=591  \\$a0
=610  \0$aDeclassifying the Classics: Rhetoric, Technology, and Performance, 1750-1850$926931
=856  \\$3Universal Resource Locator$uhttps://www.challengerecords.com/products/17206210589249/sonatas-with-varied-reprises-wq-50
=942  \\$cNWO
=999  \\$d22745

