=LDR  01208nam a22002297a 4500
=001  22747
=008  240201s2024\\\\||||||||\||||\00|\0\eng\d
=041  \\$aeng
=044  \\$aBE
=100  \\$aBeghin, Tom$1http://www.wikidata.org/entity/Q93244160$1https://orcid.org/0000-0001-7919-8985$4Creator$917739
=245  \\$aAfterwork Concert No. 4, “Mit veränderten Reprisen”
=260  \\$c2024
=366  \\$b2024-02-28
=500  \\$aAbstract:
Performing on clavichord and fortepiano, Tom Beghin explores a once lively practice of varying repeats through two sets of keyboard sonatas—for a total of twelve, to be digested in groups of three: CPE Bach’s Sechs Sonaten mit veränderten Reprisen, Wq 50 (1760) and Mozart’s six “Munich” Sonatas K 279–285 (1774–75).

=506  \\$aopen
=509  \\$aFRIS
=520  \\$aProgram:
Bach Sonata in B-flat Major, Wq 50/5
Mozart Sonata in D Major, K 284
Bach Sonata in C Minor, Wq 50/6

=591  \\$a0
=610  \0$aDeclassifying the Classics: Rhetoric, Technology, and Performance, 1750-1850$926931
=856  \\$3Universal Resource Locator$uhttps://orpheusinstituut.be/en/news-and-events/afterwork-concerts-declassifying-the-classics/
=942  \\$cNWO
=999  \\$d22747

