=LDR  01876nam a22002297a 4500
=001  22748
=008  240201s2024\\\\||||||||\||||\00|\0\eng\d
=041  \\$aeng
=044  \\$aUS
=100  \\$aBeghin, Tom$1http://www.wikidata.org/entity/Q93244160$1https://orcid.org/0000-0001-7919-8985$4Creator$917739
=245  \\$aForte/Piano Summer Academy: Showcase Salon Concert
=260  \\$c2024
=366  \\$b2024-08-02
=500  \\$aAbstract:
In 1775 Leopold Mozart inquired with Breitkopf in Leipzig whether he might like to print an opus of keyboard sonatas by Wolfgang Amadeus, “in the same manner as those of H: Philipp Carl Emanuel Bach mit veränderten Reprisen.” Almost certainly, Leopold was pitching his son’s recently completed Sonatas K. 279-284 (1774-75). The publication did not happen, but the question is intriguing: what might Mozart’s Six Sonatas with Varied Reprises have looked like?
Alternately on clavichord and fortepiano, this concert features two Sonatas with Varied Reprises by C. P. E. Bach, the third and fourth of Wq 50 (published in 1760), along with K 279 and K 282 of Mozart, as the first and fourth of an opus that might have been published with written-out repeat and variation.

=506  \\$aopen
=509  \\$aFRIS
=520  \\$aA. D. White House, Cornell University, Ithaca (NY, US)
Program:
C. P. E. Bach, Sonata in A Minor, Wq 50/3
W. A. Mozart, Sonata in C Major, K 279
Bach, Sonata in D Minor, Wq 50/4
Mozart, Sonata in E-flat Major, K 282
On clavichord (replica of C. E. Friederici, 1765) and fortepiano (replica of Stein, 1784)

=591  \\$a1
=610  \0$aDeclassifying the Classics: Rhetoric, Technology, and Performance, 1750-1850$926931
=856  \\$3Universal Resource Locator$uhttps://historicalkeyboards.as.cornell.edu/fortepiano-summer-academy-2024-chamber-music-collective-piano-tech-academy-showcase
=942  \\$cNWO
=999  \\$d22748

