=LDR  02308nam a22002297a 4500
=001  22749
=008  240201s2024\\\\||||||||\||||\00|\0\eng\d
=041  \\$aeng
=044  \\$aBE
=100  \\$aBeghin, Tom$1http://www.wikidata.org/entity/Q93244160$1https://orcid.org/0000-0001-7919-8985$4Creator$917739
=245  \\$aVirtual Music Experiences in the Metaverse: Digital Twin
=260  \\$aGhent$bWintercircus$c2024
=366  \\$b2024-11-27
=500  \\$aAbstract:
This interdisciplinary research project, with sound recording engineers at PXL Music (Hasselt) and video animation researchers at Howest (Kortrijk), has explored the making of digital twins.  Tom Beghin recorded a short piece by W. A. Mozart (the third movement of the Sonata in E-flat Major, K 282), using a replica of a Stein fortepiano (by Chris Maene, 2016, after an original of 1788).  Digital twins were produced both of instrument and performer (using 3D scanning and MetaHuman Creator).  Beghin then played the recorded piece again, using the same instrument and wearing an X Sense Suit, while his movements were mapped using techniques like Mocap and Optitrack (for finger tracking, body movement, and face animations).  Meanwhile, virtual acoustic renderings of two performance venues were combined with animated visual reconstructions of De Kreun (a modern concert hall in Kortrijk) and the ceremonial room of D’Hane-Steenhuyse (an 18th-century palace in Ghent).  The result is an interactive video presentation where all aspects of the animation are combined and synchronized, and where the user, wearing binaural headphones and a VR glasses, can freely walk through a chosen virtual space, randomly switching between D’Hane-Steenhuyse and De Kreun, while fluidly experiencing a “digital twin” performance.

=506  \\$aopen
=509  \\$aFRIS
=520  \\$aFinal schowcase event (“Digital Twin”) of Virtual Music Experiences in the Metaverse, a multi-year research project with PXL Music (Hasselt) and Digital Arts and Entertainment (Kortrijk), funded by VLAIO
=591  \\$a1
=610  \0$aDeclassifying the Classics: Rhetoric, Technology, and Performance, 1750-1850$926931
=856  \\$3Universal Resource Locator$uhttps://www.vlaamsehogescholenraad.be/en/virtuele-muziekbeleving-in-de-metaverse
=942  \\$cNWO
=999  \\$d22749

