=LDR  01448nam a22002417a 4500
=001  22750
=008  240201s2024\\\\||||||||\||||\00|\0\eng\d
=041  \\$aeng
=044  \\$aBE
=046  \\$k2024-04-24$l2024-04-26
=100  \\$aBeghin, Tom$1http://www.wikidata.org/entity/Q93244160$1https://orcid.org/0000-0001-7919-8985$4Creator$917739
=245  \\$aErasmus+ teaching
=260  \\$c2024
=366  \\$b2024-04-26
=500  \\$aThree-day Erasmus+ program for a group of piano teachers of the Fux-Konservatorium, Graz (Austria)
Orpheus Instituut, Ghent

=506  \\$aopen
=509  \\$aFRIS
=520  \\$aConcert: La bande de Gluck: Accompanied Piano Music in Revolutionary Paris (by Luca Montebugnoli and Laura Andriani)
Presentations: “Understanding Clementi’s Fingerings: His Revisions of the Sonatinas Op. 36” (Anastasios Zafeiropoulos), “Arranging Orchestral Music on an Early Nineteenth-century French Piano (by Luca Montebugnoli), “Bis repetita placent: CPE Bach, Mozart, and the Practice of Varying Repeats (by Tom Beghin), “Peyotl - Extended Piano Techniques for Children” (by Luk Vaes)
Masterclasses (by Tom Beghin): keyboard music by Haydn, Mozart, Clementi, and Beethoven 
Study trip to Pianos Maene (Ruiselede)

=591  \\$a0
=610  \0$aDeclassifying the Classics: Rhetoric, Technology, and Performance, 1750-1850$926931
=856  \\$3Universal Resource Locator$uhttps://orpheusinstituut.be/
=942  \\$cNWO
=999  \\$d22750

