=LDR  01020njm a22002777a 4500
=001  22753
=008  240201s2024\\\\||||||||\||||\00|\0\eng\d
=041  \\$aeng
=044  \\$aBE
=046  \\$k2024-03-26$l2024-03-26
=100  \\$aVaes, Luk$1https://orcid.org/0000-0001-5493-6494$4Creator$917277
=111  \\$aMethod/Art Seminar$cAntwerp$d26.III.2024$gConference
=245  \\$aMadness in Method - some personal experiences
=260  \\$aAntwerp$bRoyal Conservatoire $c2024
=366  \\$b2024-03-26
=506  \\$aopen
=509  \\$aFRIS
=520  \\$aAs a keynote, this was open access for the audience that was present. There was no publication afterwards.
=591  \\$a0
=600  \\$1Luk Vaes
=610  \0$aHIPEX: Historical Performance Practices of Experimental Music$926935
=650  \\$1Artistic Research, methodology, docArtes, HIPEX, experimentation
=700  \\$10000-0001-5493-6494$4res
=856  \\$3Universal Resource Locator$uhttps://artresearchseminar.wixsite.com/methodart2024
=942  \\$cNWO
=999  \\$d22753

