=LDR  00779nam a22002417a 4500
=001  22754
=008  240201s2024\\\\||||||||\||||\00|\0\eng\d
=044  \\$aBE
=046  \\$k2024-04-26$l2024-04-26
=100  \\$aVaes, Luk$1https://orcid.org/0000-0001-5493-6494$4Creator$917277$epiano
=111  \\$aGraz visitors$cOrpheus Instituut$d26.IV.2024$gLecture Performance
=245  \\$apeyotl
=260  \\$c2024
=366  \\$b2024-04-26
=506  \\$aopen
=509  \\$aFRIS
=591  \\$a0
=600  \\$1Luk Vaes, Hans Cafmeyer
=610  \0$aHIPEX: Historical Performance Practices of Experimental Music$926935
=650  \\$1artistic research, extended techniques, piano pedagogy, experimentation
=856  \\$3Universal Resource Locator$uwww.orpheusinstituut.be
=942  \\$cNWO
=999  \\$d22754

