=LDR  00858nam a22002537a 4500
=001  22755
=008  240201s2024\\\\||||||||\||||\00|\0\eng\d
=041  \\$aeng
=044  \\$aBE
=046  \\$k2024-09-04$l2024-09-04
=100  \\$aVaes, Luk$1https://orcid.org/0000-0001-5493-6494$4Creator$917277$epiano
=111  \\$aWARM$cOrpheus Instituut$d4.IX.2024$gLecture Performance
=245  \\$aArtistic Research in and through piano playing - personal experiences in cases and contexts
=260  \\$bTiziano Manca$c2024
=366  \\$b2024-09-04
=506  \\$aopen
=509  \\$aFRIS
=591  \\$a0
=600  \\$1Luk Vaes
=610  \0$aHIPEX: Historical Performance Practices of Experimental Music$926935
=650  \\$1artistic research, methodology, project set-up, masters
=856  \\$3Universal Resource Locator$uwww.orpheusinstituut.be
=942  \\$cNWO
=999  \\$d22755

