=LDR  00756nam a22002417a 4500
=001  22756
=008  240201s2024\\\\||||||||\||||\00|\0\eng\d
=041  \\$aeng
=044  \\$aNO
=046  \\$k2024-04-01$l2024-04-01
=100  \\$aVaes, Luk$1https://orcid.org/0000-0001-5493-6494$4Creator$917277
=111  \\$aResearch Festival$cNorwegian Academy of Music$gPerformance
=245  \\$aLudwig Van
=260  \\$aOslo$bNorwegian Academy of Music$c2024
=366  \\$b2024-04-01
=506  \\$aopen
=509  \\$aFRIS
=591  \\$a1
=610  \0$aHIPEX: Historical Performance Practices of Experimental Music$926935
=650  \\$1Mauricio Kagel, Ludwig Van, artistic research, HIP
=856  \\$3Universal Resource Locator$uhttps://nmh.no/en
=942  \\$cNWO
=999  \\$d22756

