=LDR  00724nam a22002297a 4500
=001  22758
=008  240201s2024\\\\||||||||\||||\00|\0\eng\d
=044  \\$aBE
=046  \\$k2024-09-17$l2024-09-17
=100  \\$aVaes, Luk$1https://orcid.org/0000-0001-5493-6494$4Creator$917277$epiano
=111  \\$aFARM$cOrpheus Instituut
=245  \\$aOn docArtes and Pedagogy
=260  \\$bTiziano Manca$c2024
=366  \\$b2023-01-01
=506  \\$aopen
=509  \\$aFRIS
=591  \\$a0
=610  \0$aHIPEX: Historical Performance Practices of Experimental Music$926935
=650  \\$1artistic research, methodology, conservatoire, pedagogy, docArtes
=856  \\$3Universal Resource Locator$uwww.orpheusinstituut.Be
=942  \\$cNWO
=999  \\$d22758

