=LDR  01398naa a22002777a 4500
=001  22759
=008  240129s2024\\\\||||||||\||||\00|\0\eng\d
=041  \\$aeng
=100  1\$aPare, Arabella$1https://orcid.org/0009-0005-4025-7227$4First author$927042
=245  \\$aKarl Böhm’s 1939 Recordings of the Beethoven Piano Concertos op. 37, op. 58, and op. 73
=260  \\$aMunich$bEdition Text+Kritik$c2025
=366  \\$b2025-03-03
=506  \\$aClosed
=509  \\$aFRIS
=520  \\$aAn interpretational analysis of performance practices and artistic/aesthetic choices in the context of three early recordings of the Beethoven piano concertos Op. 37, Op. 58, and Op. 73. This paper investigates the context of the recordings, the relationship between Karm Böhm and the Sächsische Staatskapelle, and the interaction of the former two acteurs with the three soloists Lubka Kolessa, Walther Gieseking, and Edwin Fischer. 
=591  \\$aEditorial review
=600  \\$1Ludwig van Beethoven
=600  \\$1Walter Gieseking
=600  \\$1Lubka Kolessa
=600  \\$1Edwin Fischer
=600  \\$1Karl Böhm
=610  \0$aFragment: Accordances - Enactments$940145
=773  \\$g407-441$tKarl Böhm Biografie, Wirken, Rezeption$z978-3-96707-584-7
=856  \\$3Universal Resource Locator$uhttps://www.etk-muenchen.de/search/Details.aspx?sort=1&q=karl+b%C3%B6hm&ISBN=9783967075847
=942  \\$cCHA
=999  \\$d22759

