=LDR  00777nam a22002297a 4500
=001  22761
=008  240201s2024\\\\||||||||\||||\00|\0\eng\d
=041  \\$aeng
=044  \\$aBE
=046  \\$k2024-09-19$l2024-09-19
=100  \\$aVaes, Luk$1https://orcid.org/0000-0001-5493-6494$4Creator$917277
=245  \\$aHIPEX - HIstorical  Performance  Practices  of  EXperimental Music - Historically Informed Performances of EXperimental Music
=260  \\$c2024
=366  \\$b2024-09-19
=506  \\$aopen
=509  \\$aFRIS
=591  \\$a0
=610  \0$aHIPEX: Historical Performance Practices of Experimental Music$926935
=650  \\$1HIPEX, artistic research, Kagel, Cafmeyer, peyotl, Boulez, brualism
=856  \\$3Universal Resource Locator$uwww.docartes.be
=942  \\$cNWO
=999  \\$d22761

