=LDR  00760nam a22002537a 4500
=001  22762
=008  240201s2024\\\\||||||||\||||\00|\0\eng\d
=041  \\$adut
=044  \\$aBE
=046  \\$k2024-09-30$l2024-09-30
=100  \\$aVaes, Luk$1https://orcid.org/0000-0001-5493-6494$4Creator$917277
=245  \\$aBoulez als uitvoerder van eigen werk
=246  \1$aBoulez as performer of his own work
=260  \\$aMATRIX$c2024
=366  \\$b2023-01-01
=500  \\$apodcast
=506  \\$aopen
=509  \\$aFRIS
=591  \\$a0
=600  \\$1Pierre Boulez
=610  \0$aHIPEX: Historical Performance Practices of Experimental Music$926935
=856  \\$3Universal Resource Locator$uhttps://www.bijloke.be/nl/pQpOgcN/360--boulez--de-podcast
=942  \\$cNWO
=999  \\$d22762

