=LDR  00653nam a22002177a 4500
=001  22763
=008  240201s2024\\\\||||||||\||||\00|\0\eng\d
=041  \\$aeng
=044  \\$aIT
=046  \\$k2024-09-12$l2024-10-12
=100  1\$aPare, Arabella$1https://orcid.org/0009-0005-4025-7227$4Creator$927042
=245  \\$aArtistic Research: A Fragmented Reflection
=260  \\$aFerrara$bConservatorio Frescobaldi Ferrara$c2024
=366  \\$b2025-09-12
=506  \\$aopen
=509  \\$aFRIS
=591  \\$a1
=610  \0$aFragment: Accordances - Enactments$940145
=856  \\$3Universal Resource Locator$uhttps://www.conservatorioferrara.it/
=942  \\$cNWO
=999  \\$d22763

