=LDR  00727nam a22002297a 4500
=001  22764
=008  240201s2024\\\\||||||||\||||\00|\0\eng\d
=041  \\$aeng
=044  \\$aBE
=100  \\$aVaes, Luk$1https://orcid.org/0000-0001-5493-6494$4Creator$917277
=245  \\$aTwo Programs in Salzburg
=260  \\$c2024
=366  \\$b2024-02-06
=506  \\$aopen
=509  \\$aFRIS
=591  \\$a0
=610  \0$aHIPEX: Historical Performance Practices of Experimental Music$926935
=650  \\$1doctoral program, Salzburg, pedagogy, curriculum
=773  \\$tArtistic Research reports
=856  \\$3Universal Resource Locator$uhttps://artisticresearchreports.blogspot.com/2024/02/two-programs-in-salzburg.html
=942  \\$cNWO
=999  \\$d22764

