=LDR  00751nam a22002177a 4500
=001  22765
=008  240201s2024\\\\||||||||\||||\00|\0\eng\d
=041  \\$aeng
=044  \\$aGB
=046  \\$k2024-11-07$l2024-12-07
=100  1\$aPare, Arabella$1https://orcid.org/0009-0005-4025-7227$4Creator$ePiano$927042
=245  \\$aDoubled Sensations and Perceptual Expansion: The Effects of Sensoric Information on Pianistic Perception and Physicality.
=260  \\$aLondon$bMusic and Philosophy Study Group$c2024
=366  \\$b2024-11-07
=506  \\$aopen
=509  \\$aFRIS
=591  \\$a1
=610  \0$aFragment: Accordances - Enactments$940145
=856  \\$3Universal Resource Locator$uhttps://musicandphilosophy.ac.uk/events/mpsg-2024/
=942  \\$cNWO
=999  \\$d22765

