=LDR  00732nam a22002417a 4500
=001  22766
=008  240201s2024\\\\||||||||\||||\00|\0\eng\d
=041  \\$aeng
=044  \\$aBE
=100  \\$aVaes, Luk$1https://orcid.org/0000-0001-5493-6494$4Creator$917277
=245  \\$aThe Belle van Zuyle Prize
=260  \\$c2024
=366  \\$b2023-01-01
=500  \\$aBlog post
=506  \\$aopen
=509  \\$aFRIS
=591  \\$a0
=600  \\$1Belle van Zuylen
=610  \0$aHIPEX: Historical Performance Practices of Experimental Music$926935
=650  \\$1prize, artistic research, masters
=856  \\$3Universal Resource Locator$uhttps://artisticresearchreports.blogspot.com/2024/05/the-belle-van-zuylen-prize.html
=942  \\$cNWO
=999  \\$d22766

