=LDR  00715njm a22002177a 4500
=001  22767
=008  240201s2024\\\\||||||||\||||\00|\0\eng\d
=041  \\$aeng
=044  \\$aIT
=046  \\$k2024-10-10$l2024-12-10
=100  1\$aPare, Arabella$1https://orcid.org/0009-0005-4025-7227$4Creator$ePiano$927042
=245  \\$a„...gar zu rococo...“. Virtuosity and Emotion in Liszt’s transcriptions of Beethoven’s Adelaide
=260  \\$c2024
=366  \\$b2024-11-10
=506  \\$aopen
=509  \\$aFRIS
=591  \\$a1
=610  \0$aFragment: Accordances - Enactments$940145
=856  \\$3Universal Resource Locator$uhttps://www.gatm.it/en/attivita/xxi-convegno-di-analisi-e-teoria-musicale/
=942  \\$cNWO
=999  \\$d22767

