=LDR  00606npm a22001937a 4500
=001  22768
=008  240201s2024\\\\||||||||\||||\00|\0\eng\d
=044  \\$aBE
=100  1\$aPare, Arabella$1https://orcid.org/0009-0005-4025-7227$4Creator$927042
=245  \\$aConductive Textiles and Electroacoustic Realisation of Motion in Piano Performance
=260  \\$c2024
=366  \\$b2025-04-26
=506  \\$aopen
=509  \\$aFRIS
=591  \\$a1
=610  \0$aFragment: Accordances - Enactments$940145
=856  \\$3Universal Resource Locator$uhttps://zkm.de/de/2025/04/reconstructing-harald-bode
=942  \\$cNWO
=999  \\$d22768

