=LDR  00696nam a22002057a 4500
=001  22769
=008  240201s2024\\\\||||||||\||||\00|\0\eng\d
=044  \\$aBE
=046  \\$k2025-03-24$l2025-03-24
=100  1\$aPare, Arabella$1https://orcid.org/0009-0005-4025-7227$4Creator$927042
=245  \\$aCollaborative and Individual: Artistic Research from a German Institutional Perspective
=260  \\$bAEC$c2024
=366  \\$b2025-03-24
=506  \\$aopen
=509  \\$aFRIS
=591  \\$a1
=610  \0$aFragment: Accordances - Enactments$940145
=856  \\$3Universal Resource Locator$uhttps://aec-music.eu/event/artistic-research-as-an-element-in-curriculum-development-webinar/
=942  \\$cNWO
=999  \\$d22769

