=LDR  00663njm a22002057a 4500
=001  22770
=008  240201s2024\\\\||||||||\||||\00|\0\eng\d
=044  \\$aBE
=100  1\$aPare, Arabella$1https://orcid.org/0009-0005-4025-7227$4Creator$927042
=245  \\$aMensch – Maschine – Imitation
=246  \1$aHuman - Machine - Imitation
=260  \\$c2023
=366  \\$b2025-01-24
=506  \\$aopen
=509  \\$aFRIS
=591  \\$a1
=610  \0$aFragment: Accordances - Enactments$940145
=856  \\$3Universal Resource Locator$uhttps://hfm-karlsruhe.de/sites/default/files/field/media_file/2025-01/2024-25_WS_ph.250124_institutsabend_komp.pdf
=942  \\$cNWO
=999  \\$d22770

