=LDR  00580nam a22002057a 4500
=001  22771
=008  240201s2024\\\\||||||||\||||\00|\0\eng\d
=044  \\$aDE
=100  1\$aPare, Arabella$1https://orcid.org/0009-0005-4025-7227$4Creator$927042
=245  \\$aMusik, Kanon, Demokratie
=246  \1$aMusic, Canon, Democracy
=260  \\$c2023
=366  \\$b2025-03-14
=506  \\$aopen
=509  \\$aFRIS
=591  \\$a1
=610  \0$aFragment: Accordances - Enactments$940145
=856  \\$3Universal Resource Locator$uhttps://junge-norddeutsche.de/projekte-2025/
=942  \\$cNWO
=999  \\$d22771

