=LDR  00521nam a22001937a 4500
=001  22772
=008  240201s2024\\\\||||||||\||||\00|\0\eng\d
=044  \\$aBE
=100  1\$aPare, Arabella$1https://orcid.org/0009-0005-4025-7227$4Creator$927042
=245  \\$aWhat is Early Music?
=260  \\$c2024
=366  \\$b2024-11-01
=506  \\$aopen
=509  \\$aFRIS
=591  \\$a1
=610  \0$aFragment: Accordances - Enactments$940145
=856  \\$3Universal Resource Locator$uhttps://www.abendmusiken.org/
=942  \\$cNWO
=999  \\$d22772

