=LDR  00667nam a22002057a 4500
=001  22773
=008  240201s2024\\\\||||||||\||||\00|\0\eng\d
=044  \\$aDE
=100  1\$aPare, Arabella$1https://orcid.org/0009-0005-4025-7227$4Creator$927042
=245  \\$aOffene Fragmente: Schubert & Artistic Research
=246  \1$aOpen Fragments. Schubert & Artistic Research 
=260  \\$c2023
=366  \\$b2024-10-26
=506  \\$aopen
=509  \\$aFRIS
=591  \\$a1
=610  \0$aFragment: Accordances - Enactments$940145
=856  \\$3Universal Resource Locator$uhttps://epta-deutschland.de/cms/upload/SeminareKongresse/2024_Kongress_Ludwigshafen.pdf
=942  \\$cNWO
=999  \\$d22773

