=LDR  00969nam a22001937a 4500
=001  22777
=008  240201s2024\\\\||||||||\||||\00|\0\eng\d
=044  \\$aDE
=100  1\$aPare, Arabella$1https://orcid.org/0009-0005-4025-7227$4Creator$927042
=245  \\$aSchubert: The Fragmentary Piano Sonatas (Book Symposium) 
=260  \\$c2024
=366  \\$b2024-06-06
=506  \\$aopen
=509  \\$aFRIS
=591  \\$a1
=610  \0$aFragment: Accordances - Enactments$940145
=856  \\$3Universal Resource Locator$uhttps://oeaw-ac-at.zoom.us/rec/component-page?accessLevel=&action=viewdetailpage&sharelevel=meeting&useWhichPasswd=meeting&requestFrom=pwdCheck&clusterId=eu01&componentName=need-password&meetingId=eLz1v9-uGy-PrlK7PHrkDzPRBK9gmLWO8hCfkrUJOMn54i_REjDwhux5ZK_RiTM.dZpjuJH996KnIVCS&originRequestUrl=https%3A%2F%2Foeaw-ac-at.zoom.us%2Frec%2Fplay%2FnzlvCcZQspEe-q-z97mRhXo6eA_1DcQhOzJqdRIz_0MaxXcH709yT8bMQXRDt-dsmvj3BSRRB8wEkniQ.dKU6EqKwso1G40WO
=942  \\$cNWO
=999  \\$d22777

