=LDR  00557njm a22001937a 4500
=001  22778
=008  240201s2024\\\\||||||||\||||\00|\0\eng\d
=044  \\$aDE
=100  1\$aPare, Arabella$1https://orcid.org/0009-0005-4025-7227$4Creator$ePiano$927042
=245  \\$aTransculturalism in Liszt and Schubert
=260  \\$c2023
=366  \\$b2024-08-10
=506  \\$aopen
=509  \\$aFRIS
=591  \\$a1
=610  \0$aFragment: Accordances - Enactments$940145
=856  \\$3Universal Resource Locator$uhttps://www.fondation-kubach-wilmsen.de/
=942  \\$cNWO
=999  \\$d22778

