=LDR  01441naa a22002177a 4500
=001  22779
=008  240129s2024\\\\||||||||\||||\00|\0\eng\d
=100  \\$aBeghin, Tom$1http://www.wikidata.org/entity/Q93244160$1https://orcid.org/0000-0001-7919-8985$4First Author$917739
=245  \\$a“An Essay on the True Art of Varying: C. P. E. Bach’s Sonatas with Varied Reprises”
=260  \\$aMechelen$bEvil Penguin Classic$c2024
=366  \\$b2024-10-25
=500  \\$aAbstract:
Elucidates the historical, socio-cultural, and rhetorical context for C. P. E. Bach’s publication of Sonatas with Varied Reprises (1760), as well as the performance decisions made for a recording of Bach’s original set (CD 1), along with additional variants by Bach himself (CD 2).

=506  \\$aopen
=509  \\$aFRIS
=520  \\$aElucidates the historical, socio-cultural, and rhetorical context for C. P. E. Bach’s publication of Sonatas with Varied Reprises (1760), as well as the performance decisions made for a recording of Bach’s original set (CD 1), along with additional variants by Bach himself (CD 2).
=591  \\$a0
=610  \0$aDeclassifying the Classics: Rhetoric, Technology, and Performance, 1750-1850$926931
=773  \\$g2-27$tC. P. E. Bach: Sonatas with Varied Reprises, Wq 50 $z0000000000000
=856  \\$3Universal Resource Locator$uhttps://view.publitas.com/orpheus-instituut/with-varied-reprises-wq-50/page/1
=942  \\$cCHA
=999  \\$d22779

