=LDR  01573nam a22002297a 4500
=001  22780
=008  240201s2024\\\\||||||||\||||\00|\0\eng\d
=041  \\$aeng
=044  \\$aBE
=100  \\$aMontebugnoli, Luca$1https://orcid.org/0000-0002-3822-016X$4Creator$925649
=245  \\$aConcert: “La bande de Gluck: Accompanied Piano Music in Revolutionary Paris”
=260  \\$aKouter, Ghent$bClub Falligan$c2024
=366  \\$b2024-04-23
=500  \\$aAbstract:
Luca Montebugnoli (piano) and Laura Andriani (violin) explore links with Christoph Willibald Gluck’s operas in the accompanied piano music of Jean-Louis Adam, Jean-Frédéric Edelmann, and Daniel Steibelt. Playing a 1791 Pascal Taskin square piano, freshly restored by Pianos Maene (Ruiselede), they bring to life pre- and post-revolutionary repertoire from the Parisian salon, alternating original music for piano and violin with arrangements.

=506  \\$aopen
=509  \\$aFRIS
=520  \\$aLuca Montebugnoli, piano
Laura Andriani, violin

Program:
C. W. Gluck, Iphigénie en Aulide, Wq. 40, arranged by J.-F. Edelmann
Jean-Frédéric Edelmann, Sonata in G Minor, Op. 6 No. 1
D. Steibelt, Mélange d’airs et de chants, Op. 10
C. W. Gluck, Echo et Narcisse, Wq. 47, arranged by J.-L. Adam
J.-L. Adam, Sonata in G Minor, Op. 7 No. 1

=591  \\$a0
=610  \0$aDeclassifying the Classics: Rhetoric, Technology, and Performance, 1750-1850$926931
=856  \\$3Universal Resource Locator$uhttps://orpheusinstituut.be/en/news-and-events/afterwork-concerts-declassifying-the-classics
=942  \\$cNWO
=999  \\$d22780

