=LDR  01148nam a22002297a 4500
=001  22782
=008  240201s2024\\\\||||||||\||||\00|\0\eng\d
=041  \\$aeng
=044  \\$aBE
=100  \\$aZafeiropoulos, Anastasios$1http://www.wikidata.org/entity/Q61768251$4Creator$926639
=245  \\$aAfterwork Concert No. 3, “Mit veränderten Reprisen”
=260  \\$aKoetshuis, Ghent$bOrpheus Instituut$c2024
=366  \\$b2024-02-07
=500  \\$aPerforming on clavichord and fortepiano, Tom Beghin explores a once lively practice of varying repeats through two sets of keyboard sonatas—for a total of twelve, to be digested in groups of three: CPE Bach’s Sechs Sonaten mit veränderten Reprisen, Wq 50 (1760) and Mozart’s six “Munich” Sonatas K 279–285 (1774–75).
=506  \\$aopen
=509  \\$aFRIS
=520  \\$aProgram:

 G. S. Löhlein, Sonata in C minor, 1765
=591  \\$a0
=610  \0$aDeclassifying the Classics: Rhetoric, Technology, and Performance, 1750-1850$926931
=856  \\$3Universal Resource Locator$uhttps://orpheusinstituut.be/en/news-and-events/afterwork-concerts-declassifying-the-classics
=942  \\$cNWO
=999  \\$d22782

