=LDR  01958ngm a22002297a 4500
=001  22783
=008  240201s2024\\\\||||||||\||||\00|\0\eng\d
=041  \\$aeng
=044  \\$aBE
=100  \\$aZafeiropoulos, Anastasios$1http://www.wikidata.org/entity/Q61768251$4Creator$926639
=245  \\$aCarl Philipp Emanuel Bach (1714–1788): Six Sonatas with Varied Reprises, Wq 50
=260  \\$aMechelen$bEvil Penguin TV$c2024
=366  \\$b2024-12-16
=500  \\$aAbstract:
C. P. E. Bach’s Sonatas with Varied Reprises, published in Berlin, 1760, constituted a bold experiment. Throughout this opus of six Bach spelled out every repeat, integrating into the printed text his own composed variations. This practice of varying repeats normally belonged to the realm of the performer, so Bach was treading on unchartered territory, even inventing (in his own words) “a new genre.” Starting off as a service (“play this and you’ll sound as if you’re improvising”), the opus ends up a masterclass in variation. Tom Beghin, playing his own beloved clavichord (by Joris Potvlieghe, 2003), enacts the role of the keyboardist-composer who repeats himself, while never saying the same thing twice.

=506  \\$aopen
=509  \\$aFRIS
=520  \\$aTom Beghin, clavichord

Directed by Tom Beghin and Anastasios Zafeiropoulos
Camera: Bo Aerts and Xin Van Damme
Video editing: Bo Aerts, with Xin Van Damme
Sound: Steven Maes, George Georgiev, and Lowie Peeters
Sound artistic supervision: Luca Montebugnoli
Sound editing: Tom Beghin
Sound mastering: Steven Maes
Filmed at Koetshuis, Orpheus Instituut, Ghent, June 1–2, 2024
An Orpheus Instituut and Evil Penguin TV production

=591  \\$a0
=610  \0$aDeclassifying the Classics: Rhetoric, Technology, and Performance, 1750-1850$926931
=856  \\$3Universal Resource Locator$uhttps://orpheusinstituut.be/en/with-varied-repeats/cd-c-p-e-bachs-sonaten-mit-veranderten-reprisen-wq-50
=942  \\$cNWO
=999  \\$d22783

