=LDR  01601nam a22002177a 4500
=001  22785
=008  240201s2024\\\\||||||||\||||\00|\0\eng\d
=041  \\$aeng
=044  \\$aBE
=100  \\$aMontebugnoli, Luca$1https://orcid.org/0000-0002-3822-016X$4Creator$925649
=245  \\$aPresentation: Investigating and Reviving the Early Nineteenth-Century Practice of Piano Arrangement: The Case of Haydn’s “Die Vorstellung des Chaos” and Beethoven’s Eroica Symphony
=260  \\$aGhent$bOrpheus Instituut$c2024
=366  \\$b2024-04-25
=506  \\$aopen
=509  \\$aFRIS
=520  \\$aThis presentation examined the wave of piano reductions of Haydn’s Die Schöpfung published between 1800 and 1801, emphasizing the diversity among seven versions issued by musicians such as Müller, Neukomm, Clementi, and Steibelt. Focusing on the opening movement, “Die Vorstellung des Chaos,” the analysis compared the arrangers’ differing strategies and considered how their choices were shaped by the piano technologies of the time. The study highlighted how each version reinterprets the oratorio’s narrative and reflects the broader pianistic and cultural contexts of the early nineteenth century. The presentation concluded with a discussion of my arrangement of the fourth movement of Beethoven’s Eroica Symphony, conceived for a replica of the 1803 Erard piano owned by the composer.
=591  \\$a0
=610  \0$aDeclassifying the Classics: Rhetoric, Technology, and Performance, 1750-1850$926931
=856  \\$3Universal Resource Locator$uhttps://orpheusinstituut.be/
=942  \\$cNWO
=999  \\$d22785

