=LDR  01326nam a22002177a 4500
=001  22787
=008  240201s2024\\\\||||||||\||||\00|\0\eng\d
=041  \\$aeng
=044  \\$aFR
=100  \\$aMontebugnoli, Luca$1https://orcid.org/0000-0002-3822-016X$4Creator$925649
=245  \\$aThe Fortepiano in France, 1770–1815: Instruments, Sources, and Repertoire
=260  \\$aParis, France$b La Nouvelle Athènes - Centre du piano romantique and Centre de Musique Baroque de Versailles (CMBV)$c2024
=366  \\$b2024-03-03
=506  \\$aopen
=509  \\$aFRIS
=520  \\$aThis presentation traced the early development of French pianism and piano making between 1770 and 1815, with a focus on the emergence of a distinct French aesthetic. It combined the study of historical instruments—particularly those by makers such as Erard Frères—with an analysis of pedagogical sources, genres, and the work of major composers active during the period. Through this multifaceted approach, the presentation identified the stylistic features and cultural contexts that shaped French pianistic identity at the turn of the nineteenth century.
=591  \\$a0
=610  \0$aDeclassifying the Classics: Rhetoric, Technology, and Performance, 1750-1850$926931
=856  \\$3Universal Resource Locator$uhttps://cmbv.fr/
=942  \\$cNWO
=999  \\$d22787

