=LDR  01461nam a22002417a 4500
=001  22788
=008  240201s2024\\\\||||||||\||||\00|\0\eng\d
=041  \\$aeng
=044  \\$aFR
=046  \\$k2024-03-03$l2024-03-06
=100  \\$aMontebugnoli, Luca$1https://orcid.org/0000-0002-3822-016X$4Creator$925649
=245  \\$a Masterclasse: Le répertoire français pour piano seul ou accompagné du début du XIXe siècle
=246  \1$aMasterclass: Early-Nineteenth French Repertoire for Piano Solo or with Accompaniment
=260  \\$aParis; Versailles$bLa Nouvelle Athènes - Centre du piano romantique and Centre de Musique Baroque de Versailles (CMBV)$c2024
=366  \\$b2024-03-03
=506  \\$aopen
=509  \\$aFRIS
=520  \\$aOrganized by La Nouvelle Athènes – Centre du piano romantique and the Centre de Musique Baroque de Versailles, this masterclass focused on early 19th-century French repertoire for piano, both solo and with accompaniment. Held on two historic square pianos by Erard Frères (1806 and 1815), it brought together 15 selected participants—pianists, cellists, and flutists—at the Bachelor and Master levels. The sessions were introduced by a presentation on the early history of French pianism and the development of French pianos.
=591  \\$a0
=610  \0$aDeclassifying the Classics: Rhetoric, Technology, and Performance, 1750-1850$926931
=856  \\$3Universal Resource Locator$uhttps://cmbv.fr/
=942  \\$cNWO
=999  \\$d22788

