=LDR  02196nam a22002297a 4500
=001  22789
=008  240129s2024\\\\||||||||\||||\00|\0\eng\d
=041  \\$apor
=100  \\$aDantas, Paulo$1https://orcid.org/0009-0008-3627-5045$4First Author$926637
=245  \\$aEstar no campo: Processo, Narratividade e Descoberta nos Trabalhos de Gravação de Campo de Thelmo Cristovam e Alexandre Fenerich
=246  \1$aBeing in the Field: Process, Narrativity, and Discovery in the Field-Recording Work of Thelmo Cristovam and Alexandre Fenerich
=260  \\$aSão Paulo, Brazil$bEDUSP$c2024
=366  \\$b2024-01-01
=506  \\$aClosed
=509  \\$aFRIS
=520  \\$aThe primary goal with the elaboration of the present text consists of discussing aspects of the process and creative approach of Brazilian artists Thelmo Cristovam and Alexandre Fenerich, with the aim of better understanding their artistic work involving the use of field recordings. Departing from a free reflection regarding the idea of presence in field recordings, developed around texts by Mark Peter Wright, Salomé Voegelin, Tullis Rennie and Isobel Anderson, there follows an analysis and elaborations on excerpts of original interviews and conversations with Cristovam and Fenerich, taking into account their particular narratives regarding the process of creation of such works as Duas Estórias Domésticas Colapsadas and Coleção Peripatética de Sons. This approach reveals uses of field recordings particular to these authors: Cristovam is very much aware of his presence in his recordings, even in those that are characterised by the absence of any sound of an anthropic origin. And Fenerich seems to have found a method in the wandering: there are not, necessarily, projects that are already conceived and that determine a systematic in his outings with the aim of recording. These projects could be discovered during or even after the act of recording.
=591  \\$a1
=610  \0$aMusic, Thought and Technology$926934
=773  \\$g285-303$tAlto e Bom Som: Uma História da Arte Sonora Brasileira$z9786557851692
=856  \\$3Universal Resource Locator$uwww.edusp.com.br/livros/alto-e-bom-som/
=942  \\$cCHA
=999  \\$d22789

