=LDR  02113nam a22002297a 4500
=001  22790
=008  240201s2024\\\\||||||||\||||\00|\0\eng\d
=041  \\$aeng
=044  \\$aGB
=100  \\$aDantas, Paulo$1https://orcid.org/0009-0008-3627-5045$4Creator$926637
=111  \\$aIn the Field 2$cCRISAP$gConference
=245  \\$aSound, Routine (Meaning…): A Report
=260  \\$c2024
=366  \\$b2024-07-04
=506  \\$aopen
=509  \\$aFRIS
=520  \\$aIn this presentation I will reflect on experiences that prompted me to reassess some aspects of my field recording activities. Those experiences are related to the recording sessions for Cidade Arquipélago (2015), an album predominantly featuring binaural field recordings produced in Japan, conducted between 2014-15. My subsequent 2023 research in Tokyo was motivated by the realisation that many of the album's recordings presented sonic situations commonly explored by other sound artists, potentially contributing to a stereotypical portrayal of ‘Japanese (sonic) culture’. Dissatisfied, I resolved to revisit the original recording sites, focusing not on a perceived ‘Japanesenes’ of events, but on personal memories associated with the 2014-15 recordings. The 2023 recording sessions were marked by disappointment, overshadowed by the memory of the original recordings. Consequently, I shifted focus towards exploring presence, routines, and the repetitive nature of everyday life. This led my research to gradually delve into 'sound routines' found in Tokyo, providing a means to immerse in the city's rhythms through auditory experiences. A handful of sound works emerged, documenting routine phenomena by overlaying multiple recordings of the same recurring situations, while moving away from a singular focus on 'culturally symbolic' sounds. Additionally, certain sound events served as scores for electronic instruments developed during the creative process.
=591  \\$a1
=610  \0$aMusic, Thought and Technology$926934
=856  \\$3Universal Resource Locator$uvimeo.com/showcase/11312811/video/998161012
=942  \\$cNWO
=999  \\$d22790

