=LDR  01321nam a22002177a 4500
=001  22791
=008  240201s2024\\\\||||||||\||||\00|\0\eng\d
=041  \\$aeng
=044  \\$aBE
=100  \\$aDantas, Paulo$1https://orcid.org/0009-0008-3627-5045$4Creator$926637
=245  \\$aThresh + Hold
=260  \\$c2024
=366  \\$b2024-07-19
=506  \\$aopen
=509  \\$aFRIS
=520  \\$aThresh + Hold is a multimodal report on the generative distance between experiences of loss as they relate to sound: losses of quality, memory, presence, time, labor, resources, intimacy, and voice. It works by juxtaposing and overlaying different kinds of loss across media formats: cyanotypes of fieldwork photos that make visible the loss of light as it imprints on the photographic medium; interlocking collages of absent sounds punctuating time spent and time lost in the field; and fragments of conversations that evoke thresholds of (mis)understanding, (mis)hearing, and (mis)communicating. By bringing together our materials, we commit to trust through tinkering and to tinkering with trust. The project received funding from the Dutch Research Council (NWO).
=591  \\$a1
=610  \0$aMusic, Thought and Technology$926934
=856  \\$3Universal Resource Locator$ufieldworks.easaonline.org/thresh-hold/
=942  \\$cNWO
=999  \\$d22791

