=LDR  01505nam a22002177a 4500
=001  22792
=008  240201s2024\\\\||||||||\||||\00|\0\eng\d
=041  \\$apor
=044  \\$aBR
=100  \\$aDantas, Paulo$1https://orcid.org/0009-0008-3627-5045$4Creator$926637
=245  \\$aTokyo shitamachi: Tatekawa
=260  \\$c2025
=366  \\$b2025-01-10
=506  \\$aopen
=509  \\$aFRIS
=520  \\$aA simple composition using underwater stereo recordings from the Tatekawa, a river flowing into Tokyo’s Sumida River. Originally created for Mieko Matsumoto’s video in the Breathing Particles exhibition at TOKAS Hongo Gallery, Tokyo (July–August 2024). Above the river lies the Shuto Expressway, an elevated highway built for “practicality,” accelerating the river’s original transportation functions. From within the Tatekawa, the expressway’s intense activity and maintenance work are audible. On quieter days, with the use of filters, some species adapting to these changes can still be heard. These recordings layer different times and speeds in the urban “now”: the natural rivers, now channeled, and their modern counterparts—the expressways immortalized by Tarkovsky and Oshii. Distant sine wave allusions to Hana, a Western-style song by Rentaro Taki, emerge, as if engulfing the Tatekawa’s sounds.
=591  \\$a1
=610  \0$aMusic, Thought and Technology$926934
=856  \\$3Universal Resource Locator$urevistas.ufrj.br/index.php/ae/article/view/66564
=942  \\$cNWO
=999  \\$d22792

