=LDR  01607njm a22002417a 4500
=001  22793
=008  240201s2024\\\\||||||||\||||\00|\0\eng\d
=024  \\$aEPRC 0066
=041  \\$aeng
=044  \\$aBE
=100  \\$aMontebugnoli, Luca$1https://orcid.org/0000-0002-3822-016X$4Creator$925649
=245  \\$aC. P. E. Bach: Sonatas with Varied Reprises, Wq 50
=260  \\$aMechelen$bEvil Penguin Classic$c2024
=366  \\$b2024-10-25
=500  \\$aAbstract:
Carl Philipp Emanuel Bach’s Sonatas with Varied Reprises (published in Berlin, 1760) constituted a bold experiment. Spelling out every repeat, Bach applies to each the art of variation. Starting off as a service (“play this and you’ll sound as if you’re improvising”), the opus ends up a masterclass in variation. Tom Beghin, playing his own beloved clavichord, enacts the role of the keyboardist-composer who repeats himself, while never saying the same thing twice.

=506  \\$aopen
=509  \\$aFRIS
=520  \\$aRecorded April 2–4, 2024, at Motormusic (Mechelen, Belgium)
Sound recording: Steven Maes, with George Georgiev and Lowie Peeters
Artistic supervision: Luca Montebugnoli
Clavichord preparation and tuning: Joris Potvlieghe
Sound editing: Tom Beghin
Sound mixing and mastering: Steven Maes
Research assistance: Anastasios Zafeiropoulos

=591  \\$a0
=610  \0$aDeclassifying the Classics: Rhetoric, Technology, and Performance, 1750-1850$926931
=856  \\$3Universal Resource Locator$uhttps://orpheusinstituut.be/en/with-varied-repeats/cd-c-p-e-bachs-sonaten-mit-veranderten-reprisen-wq-50
=942  \\$cNWO
=999  \\$d22793

