=LDR  00855nam a22002177a 4500
=001  22795
=008  240201s2024\\\\||||||||\||||\00|\0\eng\d
=041  \\$aeng
=044  \\$aBE
=100  \\$aZafeiropoulos, Anastasios$1http://www.wikidata.org/entity/Q61768251$4Creator$926639
=245  \\$aAnastasios Zafeiropoulos, Clementi's Revisions of his Progressive Sonatinas 
=260  \\$c2024
=366  \\$b2024-09-21
=506  \\$aopen
=509  \\$aFRIS
=520  \\$aPresentation and Workshop: Strategies and methods of choosing keyboard fingering
=591  \\$a0
=610  \0$aDeclassifying the Classics: Rhetoric, Technology, and Performance, 1750-1850$926931
=856  \\$3Universal Resource Locator$uhttps://conservatoriosantacecilia.it/wp-content/uploads/2024/04/FARM-2024-Erasmus-blended-intensive-programme-call-for-application.pdf
=942  \\$cNWO
=999  \\$d22795

