=LDR  00837nam a22002297a 4500
=001  22796
=008  240201s2024\\\\||||||||\||||\00|\0\eng\d
=041  \\$aeng
=044  \\$aBE
=100  \\$aZafeiropoulos, Anastasios$1http://www.wikidata.org/entity/Q61768251$4Creator$926639
=245  \\$aClementi's Revisions of his Progressive Sonatinas
=260  \\$c2024
=366  \\$b2024-09-07
=506  \\$aopen
=509  \\$aFRIS
=520  \\$aPresentation and Workshop: Strategies and methods of choosing (keyboard) fingering for non-specialised audience
 
=591  \\$a0
=610  \0$aDeclassifying the Classics: Rhetoric, Technology, and Performance, 1750-1850$926931
=773  \\$tLabRAM & WARM
=856  \\$3Universal Resource Locator$uhttps://www.consmi.it/it/645/avvisi/8398/warm-2024-workshop-on-artistic-research
=942  \\$cNWO
=999  \\$d22796

