=LDR  00677nam a22002177a 4500
=001  22797
=008  240201s2024\\\\||||||||\||||\00|\0\eng\d
=041  \\$aeng
=044  \\$aBE
=100  \\$aZafeiropoulos, Anastasios$1http://www.wikidata.org/entity/Q61768251$4Creator$926639
=245  \\$aUnderstanding Clementi’s Fingerings: His Revisions of the Sonatinas Op. 36
=260  \\$c2024
=366  \\$b2024-04-25
=500  \\$aErasmus+
=506  \\$aopen
=509  \\$aFRIS
=591  \\$a0
=610  \0$aDeclassifying the Classics: Rhetoric, Technology, and Performance, 1750-1850$926931
=856  \\$3Universal Resource Locator$uhttps://orpheusinstituut.be/
=942  \\$cNWO
=999  \\$d22797

