=LDR  00749nam a22002297a 4500
=001  22798
=008  240201s2024\\\\||||||||\||||\00|\0\eng\d
=041  \\$aeng
=044  \\$aBE
=100  \\$aMontebugnoli, Luca$1https://orcid.org/0000-0002-3822-016X$4Creator$925649
=245  \\$aArranging Orchestral Music on an Early Nineteenth-Century French Piano
=260  \\$c2024
=366  \\$b2024-04-25
=500  \\$aErasmus+
=506  \\$aopen
=509  \\$aFRIS
=520  \\$aArranging Orchestral Music on an Early Nineteenth-century French Piano 
=591  \\$a0
=610  \0$aDeclassifying the Classics: Rhetoric, Technology, and Performance, 1750-1850$926931
=856  \\$3Universal Resource Locator$uhttps://orpheusinstituut.be/
=942  \\$cNWO
=999  \\$d22798

