=LDR  01310nam a22002417a 4500
=001  22811
=044  \\$aCH
=046  \\$k2024-09-20$l2025-06-29
=100  \\$aImpett, Jonathan$1http://www.wikidata.org/entity/Q75760724$4cur$916357
=245  \\$aMusica ex Machina$bMachines thinking musically$cCo-curator
=260  \\$aLausanne, CH$bEPFL$c2024-5
=366  \\$b2024-09-20
=506  \\$aopen
=509  \\$a0
=520  \\$aFrom Medieval theory to modern AI, Musica ex Machina: Machines Thinking Musically explores the history of computational and algorithmic thought in music, showcasing how technological advances and human creativity have continuously expanded the boundaries of musical expression. Through historical objects, musical artworks, and immersive installations, the exhibition presents the works of past and present visionaries while looking ahead to the future of music.

Major exhibition (50+ exhibits)
=585  \\$aMajor exhibition at EPFL Pavilions (50+ exhibits), Lausanne. 20/9/24-26/6/25
=591  \\$a0
=610  \0$aMusic, Thought and Technology$926934
=650  \\$1https://epfl-pavilions.ch/en/exhibitions/musica-ex-machina
=700  \\$10000-0002-6525-2095$4cur
=856  \\$3Universal Resource Locator$uhttps://epfl-pavilions.ch/en/exhibitions/musica-ex-machina
=942  \\$cNWO
=999  \\$d22811

