=LDR  00916njm a22002537a 4500
=001  22812
=008  240201s2024\\\\||||||||\||||\00|\0\eng\d
=041  \\$aeng
=044  \\$aBE
=046  \\$k2024-01-23$l2024-01-24
=100  \\$aImpett, Jonathan$1http://www.wikidata.org/entity/Q75760724$4Creator$916357
=111  \\$aAzioni e riflessioni intorno a Prometeo$cFondazione Cini, Venice$d23-4/01/2024$gConference
=245  \\$aPrometeo - Spaces of Resistance 
=260  \\$aVenice$bFondazione Cini$c2024
=366  \\$b2023-01-01
=506  \\$aopen
=509  \\$aFRIS
=591  \\$a1
=610  \0$aMusic, Thought and Technology$926934
=700  \\$10000-0002-6525-2095$4ctb
=856  \\$3Universal Resource Locator$uhttps://www.cini.it/eventi/convegno-azioni-e-riflessioni-intorno-a-prometeo/
=942  \\$cNWO
=952  \\$00$10$2ddc$40$70$926675$aORPH$bORPH$d2025-05-09$l0$r2025-05-09 16:04:50$w2025-05-09$yNWO
=999  \\$d22812

