=LDR  01209njm a22002417a 4500
=001  22813
=008  240201s2024\\\\||||||||\||||\00|\0\eng\d
=041  \\$aeng
=044  \\$aBE
=046  \\$k2024-09-20$l2025-06-26
=100  \\$aImpett, Jonathan$1http://www.wikidata.org/entity/Q75760724$4Creator$916357
=245  \\$aMusica ex Machina: Machines thinking musically
=260  \\$aLausanne$bEPFL$c2024
=366  \\$b2024-09-20
=500  \\$aMajor exhibition of 50+ historical and contemporary artefacts

=506  \\$aopen
=509  \\$aFRIS
=520  \\$aFrom Medieval theory to modern AI, Musica ex Machina: Machines Thinking Musically explores the history of computational and algorithmic thought in music, showcasing how technological advances and human creativity have continuously expanded the boundaries of musical expression. Through historical objects, musical artworks, and immersive installations, the exhibition presents the works of past and present visionaries while looking ahead to the future of music.
=591  \\$a1
=610  \0$aMusic, Thought and Technology$926934
=856  \\$3Universal Resource Locator$uhttps://epfl-pavilions.ch/en/exhibitions/musica-ex-machina
=942  \\$cNWO
=999  \\$d22813

