=LDR  00728njm a22002297a 4500
=001  22814
=008  240201s2024\\\\||||||||\||||\00|\0\eng\d
=041  \\$aeng
=044  \\$aFR
=046  \\$k2024-03-20
=100  \\$aImpett, Jonathan$1http://www.wikidata.org/entity/Q75760724$4Creator$916357
=111  \\$aIRCAM Forum Workshop$gConference
=245  \\$aThree States of Wax: The nature of material in live electronic improvisation
=260  \\$aParis$bIRCAM$c2023
=366  \\$b2024-03-20
=506  \\$aopen
=509  \\$aFRIS
=591  \\$a1
=610  \0$aMusic, Thought and Technology$926934
=856  \\$3Universal Resource Locator$uhttps://drive.google.com/file/d/1CXg2Wi2Yp_L0t-jSxBoXyNROHhbttZzb/view
=942  \\$cNWO
=999  \\$d22814

