=LDR  00713njm a22002177a 4500
=001  22815
=008  240201s2024\\\\||||||||\||||\00|\0\eng\d
=041  \\$aeng
=044  \\$aGB
=100  \\$aImpett, Jonathan$1http://www.wikidata.org/entity/Q75760724$4Creator$916357
=111  \\$aMusic, Thought and Technology$cSonic Arts Research Centre, Belfast$d13/02/2024$gLecture Performance
=245  \\$aMusic, Thought and Technology
=260  \\$aBelfast, NI$bSonic Arts Research Centre, Queens University$c2024
=366  \\$b2023-01-01
=506  \\$aopen
=509  \\$aFRIS
=591  \\$aEditorial review
=610  \0$aMusic, Thought and Technology$926934
=856  \\$3Universal Resource Locator$u0
=942  \\$cNWO
=999  \\$d22815

