=LDR  00601njm a22002177a 4500
=001  22816
=008  240201s2024\\\\||||||||\||||\00|\0\eng\d
=041  \\$aeng
=044  \\$aIE
=100  \\$aImpett, Jonathan$1http://www.wikidata.org/entity/Q75760724$4Creator$916357
=111  \\$gLecture Performance
=245  \\$aMusic, Thought and Technology
=260  \\$aLimerick, Ireland$bUniversity of Limerick$c2024
=366  \\$b2023-01-01
=506  \\$aopen
=509  \\$aFRIS
=591  \\$a0
=610  \0$aMusic, Thought and Technology$926934
=856  \\$3Universal Resource Locator$u0
=942  \\$cNWO
=999  \\$d22816

