=LDR  00594njm a22002057a 4500
=001  22832
=008  240201s2024\\\\||||||||\||||\00|\0\eng\d
=044  \\$aIE
=100  \\$aImpett, Jonathan$1http://www.wikidata.org/entity/Q75760724$4Creator$916357
=111  \\$aOpening of Electronic Music Studio, University of Limerick
=245  \\$aThree States of Wax
=260  \\$c2023
=366  \\$b2023-01-01
=506  \\$aopen
=509  \\$aFRIS
=591  \\$a1
=610  \0$aMusic, Thought and Technology$926934
=856  \\$3Universal Resource Locator$uhttp://www.dmarc.ie/ems.html
=942  \\$cNWO
=999  \\$d22832

