=LDR  02634nam a22002657a 4500
=001  22833
=005  20251021133854.0
=008  240201s2024\\\\||||||||\||||\00|\0\eng\d
=041  \\$aeng
=044  \\$aIT
=046  \\$k2025-05-13$l2025-05-15
=100  \\$aCornia, Nicholas$d1989-$1https://orcid.org/0000-0003-1114-6710$4Creator$939261
=111  \\$aDialogues Artistic Research Enhancing$cRome, Italy$d14/05/2025$gConference
=245  \\$aA Praise of Falsehood: the Whirlpool of Imaginary Sounds
=260  \\$aVia dei Greci, 18 – 00187 – Roma$bConservatorio Statale di Musica di Roma “Santa Cecilia”$c2025
=366  \\$b2025-05-14
=506  \\$aopen
=509  \\$aFRIS
=520  \\$aDespite recent cultural changes, the Early Music movement remains mostly a bastion of "truth" and "authenticity" in modern times' turbulent sea of doubt. Conversely, the whirlpool of artifice project wishes to legitimize a place for falsification, fiction and imagination in the realm of historically informed practice. The hermetic title A Whirlpool of Imaginary Sounds embeds in itself the main premises of the project. First, it alludes to Italian philosopher Giulio Camillo (1480-1544), who proposed a device called artificiosa routa, a generative model ante litteram to systematize the creative process of poets and orators. Analogously with Camillo and many transgressive thinkers of the 16th and early 17th century, the project wishes to investigate the plurality of worlds hidden behind the (re)combinations of a musical knowledge system. Secondly, it is an homage to writers of fiction and thinkers like Jorge Luis Borges and Umberto Eco. Mythical creatures as well as utopian lands share a similar ascendant on our minds: through placing themselves outside reality they become powerful emblems revealing the inner meaning of things. Inspired by proto-scientific thought, poetry, devices of wonder and games from the 16th and early 17th centuries the Whirlpool of Imaginary Sounds aims to reconsider our past through polyphonic music that never was. In this project, I aspire to discover the liminal space between corpus-based musicking, forgery and period composition by reshaping the role of knowledge, either actual or imaginary, and its systematization.
=591  \\$a0
=610  \0$aResounding Libraries: Unfolding Archived Knowledge Through Artistic Research $926404
=710  \\$aConservatorio Santa Cecilia (Rome, Italy)$1http://www.wikidata.org/entity/Q3687231
=856  \\$3Universal Resource Locator$uhttps://conservatoriosantacecilia.it/evento/dialogues-artistic-research-enhancing-dare-2025-3/
=942  \\$cNWO
=999  \\$d22833

