=LDR  01353nam a22002057a 4500
=001  23938
=005  20251001161939.0
=008  250929b\\\\\\\\||||||||\||||\00|\0\###\d
=020  \\$a9781068759406
=041  \\$aeng
=100  \\$aGreenwood, Tom$4aut$941406
=245  \\$aSuistainable Web Design
=260  \\$aUnited Kingdom$bWholegrain Books$c2021
=300  \\$a127 pages :$billustrations (color) ;$c13,97 cm.
=520  \\$aThe internet may be digital, but it carries a very physical cost. From image files to colors to coding languages to servers, the choices we make in our web work can eat up electricity and spit out carbon-and as the internet grows, so does the cost to the environment.

But there's hope: small, thoughtful changes in design and development can reduce the damage, while also making the web more resilient in the face of a changing climate. In Sustainable Web Design, Tom Greenwood offers a practical path to faster, more carbon-efficient websites that are not only better for the planet, but better for our users.
=650  \0$aWeb design$1http://www.wikidata.org/entity/Q190637$941404
=650  \0$aSustainability$941405
=942  \\$cBOO
=952  \\$00$10$2ddc$40$6REF_2_000000000000000_GREE$70$8REF$927888$aORPH$bORPH$cKM12_1$d2025-09-29$l1$m1$oREF2 GREE$p20142413$q2025-11-24$r2025-09-29 16:38:35$s2025-09-29$w2025-09-29$yBOO
=999  \\$d23938

