=LDR  02096cam a2200301u  4500
=001  23939
=003  BE-GnUNI
=005  20250929124018.0
=008  750710q2021\\\\nyu\\\\|rb\\\|001\||eng||
=010  \\$a58000851
=020  \\$a9780195002096$q(pbk.)
=020  \\$a0195002091$q(pbk.)
=041  \\$aeng
=050  00$aN70$b.C62 1958
=100  \\$aCollingwood, Robin George$d1889-1943$1http://www.wikidata.org/entity/Q317075$q(Robin George),$4aut$941410
=245  14$aThe Principles of Art
=250  \\$aPrint on demand of the 1958 edition
=260  \\$aNew York$bOxford University Press,$c1958
=300  \\$aXi, 347 pages ;$c21 cm.
=490  0\$aA Galaxy book ;$v11
=490  0\$aOxford paperbacks
=504  \\$aIncludes bibliographical references and index.
=505  0\$aIntroduction -- Book I : Art and not art -- Art and craft -- Art and representation -- Art as magic -- Art as amusement -- Art proper : (1) as expression -- Art proper : (2) as imagination -- Book II : The theory of imagination -- Thinking and feeling -- Sensation and imagination -- Imagination and consciousness -- Language -- Book III : The theory of art -- Art as language -- Art and truth -- Artist and the community -- Conclusion.
=520  \\$aThis treatise on aesthetics begins by showing that the word 'art' is used as a name not only for 'art proper' but also for certain things which are 'art falsely so called'. These are craft or skill, magic and amusement, each of which, by confusion with art proper, generates a false aesthetic theory. In the course of attacking these theories the author criticizes various psychological theories of art, offers a new theory of magic, and reinterprets Plato's so-called 'attack on art', showing that it has been entirely misunderstood. Finally, he draws important inferences concerning the position of art in human society.
=650  \0$aArt criticism$1http://www.wikidata.org/entity/Q1143847$94637
=942  \\$cBOO
=952  \\$00$10$2ddc$40$6AES_COLL$70$8AES$927889$aORPH$bORPH$cKM12_1$d2025-09-29$l0$oAES COLL$p20142412$r2025-09-29 12:42:25$w2025-09-29$yBOO
=999  \\$d23939

