=LDR  01986nam a22002537a 4500
=001  23940
=005  20250929125210.0
=008  250929b\\\\\\\\||||||||\||||\00|\0\###\d
=020  \\$a9780262552950
=041  \\$aeng
=100  \\$aLantz, Frank$d1963-$1http://www.wikidata.org/entity/Q16195165$4aut$941414
=245  \\$aThe Beauty of Games
=250  \\$aPaperback edition, 2025
=260  \\$aCambridge, Massachusetts$bMIT Press$c2023
=300  \\$a174 pages :$c13,33 cm.
=490  \\$aPlayful Thinking
=520  \\$aAre games art? This question is a dominant mode of thinking about games and play in the twenty-first century, but it is fundamentally the wrong question. Instead, Frank Lantz proposes in his provocative new book, The Beauty of Games, that we think about games and how they create meaning through the lens of the aesthetic. We should think of games, he writes, the same way we think of literature, theater, or music—as a form that ranges from deep and profound to easy and disposable, and everything in between. Games are the aesthetic form of interactive systems, a set of possibilities connected by rules of cause and effect.

In this book, Lantz analyzes games from chess to poker to tennis to understand how games create beauty and evoke a deeper meaning. He suggests that we think of games not only as hyper-modern objects but also as forms within the ancient context of artistic production, encompassing all of the nebulous and ephemeral qualities of the aesthetic experience.
=648  \0$a21st Century (2001-2100)$1http://www.wikidata.org/entity/Q6939$920812
=648  \0$a20th Century (1901-2000)$1http://www.wikidata.org/entity/Q6927$920936
=650  \0$aGame studies$1http://www.wikidata.org/entity/Q675281$940100
=650  \0$aPhilosophy$1http://www.wikidata.org/entity/Q5891$92357
=942  \\$cBOO
=952  \\$00$10$2ddc$40$6PHI_LANT_A$70$8PHI$927890$aORPH$bORPH$cKM12_3_2$d2025-09-29$l0$oPHI LANT a$p20142411$r2025-09-29 12:53:39$w2025-09-29$yBOO
=999  \\$d23940

