=LDR  02537nam a2200265 c 4500
=001  23942
=005  20250929143738.0
=008  250929b\\\\\\\\||||||||\||||\00|\0\###\d
=020  \\$a9781032201368$cpbk.
=041  0\$aeng$heng
=100  \\$aSuits, Bernard$d1925-2007$1http://www.wikidata.org/entity/Q28123940$4aut$941429
=245  10$aReturn of the Grasshopper$bGames, Leisure and the Good Life in the Third Millennium$cBernard Suits ; edited by Christopher C. Yorke and Francisco Javier López Frías
=260  \\$aLondon ; New York$bRoutledge, Taylor & Francis Group$c2023
=264  \1$aLondon ; New York$bRoutledge, Taylor & Francis Group$c2023
=300  \\$axxxvi, 147 pages$bIllustrations$c24 cm
=337  \\$bn$2rdamedia
=338  \\$bnc$2rdacarrier
=490  0\$aEthics and sport
=520  3\$aIn this sequel to Bernard Suits' timeless classic philosophical work The Grasshopper: Games, Life and Utopia, published in its full and unabridged form for the first time, Suits continues to explore some of our most fundamental philosophical questions, including the value of sport and games, and their relationship to the good life. In Return of the Grasshopper, Suits puts his theoretical cards on the table, exploring the in-depth implications of his definition of utopia, assessing the merits of a gamified philosophy, and explaining how games can provide an existential balm against the fear of death. Perhaps most importantly, for the first time in print, Suits reveals his underlying worldview: that humanity is forever fated to endure a cyclical existence of privation brought on by material scarcity and boredom resulting from material plenitude. An essential companion to The Grasshopper, this edition includes commentary chapters that put Suits' life and work into context, helping the reader to understand why Suits has had such a profound influence on contemporary philosophy and how his ideas still provide powerful insight into the human condition. This book is important reading for anybody with an interest in the philosophy of sport, leisure and play, political philosophy, ethics, existentialism or utopian studies
=648  \0$a21st Century (2001-2100)$1http://www.wikidata.org/entity/Q6939$920812
=650  \0$aGame studies$1http://www.wikidata.org/entity/Q675281$940100
=650  \0$aGame$1http://www.wikidata.org/entity/Q11410$923801
=942  \\$cBOO
=952  \\$00$10$2ddc$40$6PHI_SUIT_A$70$8REF$927892$aORPH$bORPH$cKM12_3_2$d2025-09-29$l0$oPHI SUIT a$p20142415$r2025-09-29 14:37:33$w2025-09-29$yBOO
=999  \\$d23942

